day;timestamp;product;bid_price_1;bid_volume_1;bid_price_2;bid_volume_2;bid_price_3;bid_volume_3;ask_price_1;ask_volume_1;ask_price_2;ask_volume_2;ask_price_3;ask_volume_3;mid_price;profit_and_loss
-2;0;AMETHYSTS;10002;1;9996;2;9995;29;10004;2;10005;29;;;10003.0;0.0
-2;0;STARFRUIT;5002;1;4997;31;;;5003;31;;;;;5002.5;0.0
-2;100;AMETHYSTS;9996;2;9995;22;;;10004;2;10005;22;;;10000.0;0.0
-2;100;STARFRUIT;4997;24;;;;;5003;2;5004;22;;;5000.0;0.0
-2;200;STARFRUIT;4997;2;4996;20;;;5003;20;;;;;5000.0;0.0
-2;200;AMETHYSTS;9995;20;;;;;10005;20;;;;;10000.0;0.0
-2;300;AMETHYSTS;9996;2;9995;29;;;10004;2;10005;29;;;10000.0;0.0
-2;300;STARFRUIT;4996;31;;;;;5003;31;;;;;4999.5;0.0
-2;400;AMETHYSTS;9996;2;9995;25;;;10004;2;10005;25;;;10000.0;0.0
-2;400;STARFRUIT;4995;27;;;;;5002;27;;;;;4998.5;0.0
-2;500;AMETHYSTS;9995;30;;;;;10002;4;10005;30;;;9998.5;0.0
-2;500;STARFRUIT;4996;30;;;;;5003;30;;;;;4999.5;0.0
-2;600;STARFRUIT;4999;5;4997;6;4996;25;5003;25;;;;;5001.0;0.0
-2;600;AMETHYSTS;10000;5;9995;25;;;10005;25;;;;;10002.5;0.0
-2;700;AMETHYSTS;9995;23;;;;;10005;23;;;;;10000.0;0.0
-2;700;STARFRUIT;4997;2;4996;23;;;5003;23;;;;;5000.0;0.0
-2;800;AMETHYSTS;9996;1;9995;29;;;10004;1;10005;29;;;10000.0;0.0
-2;800;STARFRUIT;4997;30;;;;;5003;1;5004;29;;;5000.0;0.0
-2;900;AMETHYSTS;9996;1;9995;22;;;10004;1;10005;22;;;10000.0;0.0
-2;900;STARFRUIT;4997;23;;;;;5003;1;5004;22;;;5000.0;0.0
-2;1000;STARFRUIT;4996;26;;;;;5001;6;5003;26;;;4998.5;0.0
-2;1000;AMETHYSTS;9995;26;;;;;10005;26;;;;;10000.0;0.0
-2;1100;STARFRUIT;4998;6;4997;26;;;5004;26;;;;;5001.0;0.0
-2;1100;AMETHYSTS;9996;2;9995;24;;;10004;2;10005;24;;;10000.0;0.0
-2;1200;AMETHYSTS;9995;21;;;;;9998;1;10005;21;;;9996.5;30.0
-2;1200;STARFRUIT;4997;21;;;;;5002;8;5004;21;;;4999.5;0.0
-2;1300;STARFRUIT;4997;31;;;;;5003;1;5004;30;;;5000.0;0.0
-2;1300;AMETHYSTS;10002;1;9996;1;9995;30;10004;1;10005;30;;;10003.0;30.0
-2;1400;STARFRUIT;4997;3;4996;25;;;5003;26;;;;;5000.0;0.0
-2;1400;AMETHYSTS;9996;1;9995;25;;;10004;1;10005;25;;;10000.0;30.0
-2;1500;STARFRUIT;4996;27;;;;;5003;27;;;;;4999.5;0.0
-2;1500;AMETHYSTS;9995;27;;;;;10005;27;;;;;10000.0;30.0
-2;1600;AMETHYSTS;9995;29;;;;;10005;29;;;;;10000.0;30.0
-2;1600;STARFRUIT;4996;29;;;;;5001;4;5003;29;;;4998.5;0.0
-2;1700;STARFRUIT;4997;22;;;;;5002;8;5003;2;5004;20;4999.5;0.0
-2;1700;AMETHYSTS;9996;2;9995;20;;;10002;1;10004;2;10005;20;9999.0;30.0
-2;1800;STARFRUIT;4997;1;4996;22;;;5003;23;;;;;5000.0;9.94921875
-2;1800;AMETHYSTS;10002;1;9996;1;9995;22;10004;1;10005;22;;;10003.0;30.0
-2;1900;STARFRUIT;4997;1;4996;28;;;5001;5;5003;29;;;4999.0;9.5
-2;1900;AMETHYSTS;9996;1;9995;28;;;10004;1;10005;28;;;10000.0;30.0
-2;2000;AMETHYSTS;9996;2;9995;24;;;9998;1;10004;2;10005;24;9997.0;30.0
-2;2000;STARFRUIT;4996;26;;;;;5003;26;;;;;4999.5;12.7109375
-2;2100;STARFRUIT;4997;2;4996;25;;;5003;27;;;;;5000.0;9.69921875
-2;2100;AMETHYSTS;9996;2;9995;25;;;10002;3;10004;2;10005;25;9999.0;30.0
-2;2200;STARFRUIT;4997;1;4996;24;;;5001;7;5003;25;;;4999.0;9.03125
-2;2200;AMETHYSTS;9998;8;9996;1;9995;24;10004;1;10005;24;;;10001.0;30.0
-2;2300;STARFRUIT;4997;32;;;;;5003;2;5004;30;;;5000.0;7.8515625
-2;2300;AMETHYSTS;9998;7;9996;2;9995;30;10004;2;10005;30;;;10001.0;30.0
-2;2400;AMETHYSTS;9995;29;;;;;10005;29;;;;;10000.0;30.0
-2;2400;STARFRUIT;4997;28;;;;;5004;29;;;;;5000.5;6.390625
-2;2500;STARFRUIT;4997;3;4996;22;;;5003;23;;;;;5000.0;10.01953125
-2;2500;AMETHYSTS;9996;1;9995;22;;;10004;1;10005;22;;;10000.0;30.0
-2;2600;STARFRUIT;4998;3;4997;23;;;5004;23;;;;;5001.0;7.21875
-2;2600;AMETHYSTS;9995;23;;;;;10005;23;;;;;10000.0;30.0
-2;2700;STARFRUIT;4998;26;;;;;5005;26;;;;;5001.5;-0.1484375
-2;2700;AMETHYSTS;9998;6;9995;26;;;10005;26;;;;;10001.5;30.0
-2;2800;AMETHYSTS;9995;25;;;;;10005;25;;;;;10000.0;30.0
-2;2800;STARFRUIT;4997;25;;;;;5004;25;;;;;5000.5;5.734375
-2;2900;STARFRUIT;4996;26;;;;;5003;26;;;;;4999.5;11.94140625
-2;2900;AMETHYSTS;9996;1;9995;25;;;10004;1;10005;25;;;10000.0;30.0
-2;3000;STARFRUIT;4997;3;4996;26;;;5003;26;;;;;5000.0;17.34375
-2;3000;AMETHYSTS;9998;1;9995;26;;;10005;26;;;;;10001.5;70.0
-2;3100;STARFRUIT;4996;26;;;;;5001;5;5003;26;;;4998.5;16.9296875
-2;3100;AMETHYSTS;9996;2;9995;24;;;10004;2;10005;24;;;10000.0;74.0
-2;3200;AMETHYSTS;9996;1;9995;22;;;10004;1;10005;22;;;10000.0;77.0
-2;3200;STARFRUIT;4996;23;;;;;5001;3;5003;23;;;4998.5;21.33984375
-2;3300;STARFRUIT;4997;2;4996;30;;;5001;2;5003;32;;;4999.0;23.6796875
-2;3300;AMETHYSTS;9996;2;9995;30;;;10004;2;10005;30;;;10000.0;77.0
-2;3400;STARFRUIT;4997;26;;;;;5003;2;5004;24;;;5000.0;21.9609375
-2;3400;AMETHYSTS;9996;2;9995;24;;;10004;2;10005;24;;;10000.0;77.0
-2;3500;STARFRUIT;4997;26;;;;;5004;26;;;;;5000.5;21.458984375
-2;3500;AMETHYSTS;9995;26;;;;;10005;26;;;;;10000.0;77.0
-2;3600;AMETHYSTS;9995;21;;;;;9998;4;10005;21;;;9996.5;77.0
-2;3600;STARFRUIT;4997;21;;;;;5004;21;;;;;5000.5;20.78515625
-2;3700;STARFRUIT;4998;3;4997;24;;;5004;24;;;;;5001.0;21.1953125
-2;3700;AMETHYSTS;10002;1;9996;1;9995;23;10004;1;10005;23;;;10003.0;77.0
-2;3800;STARFRUIT;4997;25;;;;;5004;25;;;;;5000.5;19.125
-2;3800;AMETHYSTS;9996;2;9995;23;;;10002;10;10004;2;10005;23;9999.0;77.0
-2;3900;STARFRUIT;4998;2;4997;26;;;5003;1;5004;25;;;5000.5;54.75390625
-2;3900;AMETHYSTS;9998;1;9996;1;9995;25;10004;1;10005;25;;;10001.0;77.0
-2;4000;AMETHYSTS;9996;2;9995;30;;;10004;2;10005;30;;;10000.0;77.0
-2;4000;STARFRUIT;4997;32;;;;;5003;2;5004;30;;;5000.0;53.234375
-2;4100;STARFRUIT;4997;29;;;;;5003;2;5004;27;;;5000.0;54.09765625
-2;4100;AMETHYSTS;9996;2;9995;27;;;10004;2;10005;27;;;10000.0;77.0
-2;4200;STARFRUIT;4998;2;4997;24;;;5004;26;;;;;5001.0;60.55078125
-2;4200;AMETHYSTS;9996;2;9995;24;;;10002;4;10004;2;10005;24;9999.0;77.0
-2;4300;STARFRUIT;4998;7;4997;22;;;5000;5;5004;22;;;4999.0;57.8046875
-2;4300;AMETHYSTS;9995;22;;;;;9998;1;10000;6;10005;22;9996.5;77.0
-2;4400;AMETHYSTS;9995;30;;;;;10005;30;;;;;10000.0;77.0
-2;4400;STARFRUIT;4997;30;;;;;5004;30;;;;;5000.5;53.92578125
-2;4500;STARFRUIT;4996;28;;;;;5003;29;;;;;4999.5;51.8984375
-2;4500;AMETHYSTS;9996;1;9995;28;;;10002;10;10004;1;10005;28;9999.0;77.0
-2;4600;STARFRUIT;4997;30;;;;;5004;30;;;;;5000.5;55.3671875
-2;4600;AMETHYSTS;9996;1;9995;29;;;10002;10;10004;1;10005;29;9999.0;77.0
-2;4700;STARFRUIT;4997;32;;;;;4998;7;5002;3;5003;2;4997.5;54.515625
-2;4700;AMETHYSTS;9996;2;9995;30;;;10004;2;10005;30;;;10000.0;77.0
-2;4800;AMETHYSTS;9998;6;9996;2;9995;22;10004;2;10005;22;;;10001.0;77.0
-2;4800;STARFRUIT;4997;24;;;;;5004;24;;;;;5000.5;59.2578125
-2;4900;STARFRUIT;4996;22;;;;;5003;22;;;;;4999.5;58.640625
-2;4900;AMETHYSTS;9995;22;;;;;10002;7;10005;22;;;9998.5;83.0
-2;5000;STARFRUIT;4997;30;;;;;5004;30;;;;;5000.5;61.78125
-2;5000;AMETHYSTS;9998;3;9996;2;9995;28;10004;2;10005;28;;;10001.0;83.0
-2;5100;STARFRUIT;4998;7;4997;30;;;5004;31;;;;;5001.0;64.6640625
-2;5100;AMETHYSTS;9996;1;9995;30;;;10004;1;10005;30;;;10000.0;83.0
-2;5200;AMETHYSTS;9998;9;9996;1;9995;26;10004;1;10005;26;;;10001.0;83.0
-2;5200;STARFRUIT;4998;8;4997;27;;;5003;1;5004;26;;;5000.5;60.69921875
-2;5300;STARFRUIT;5002;1;4997;21;;;5004;21;;;;;5003.0;61.12109375
-2;5300;AMETHYSTS;9996;1;9995;20;;;10004;1;10005;20;;;10000.0;83.0
-2;5400;STARFRUIT;4997;21;;;;;5002;6;5004;21;;;4999.5;64.5078125
-2;5400;AMETHYSTS;9995;21;;;;;10005;21;;;;;10000.0;83.0
-2;5500;AMETHYSTS;9995;27;;;;;10005;27;;;;;10000.0;83.0
-2;5500;STARFRUIT;4997;27;;;;;5004;27;;;;;5000.5;64.75
-2;5600;STARFRUIT;5002;2;4998;28;;;5005;28;;;;;5003.5;67.53125
-2;5600;AMETHYSTS;9995;28;;;;;10005;28;;;;;10000.0;83.0
-2;5700;STARFRUIT;4999;26;;;;;5006;27;;;;;5002.5;74.15234375
-2;5700;AMETHYSTS;9998;2;9995;27;;;10005;27;;;;;10001.5;83.0
-2;5800;STARFRUIT;4999;31;;;;;5006;31;;;;;5002.5;74.91015625
-2;5800;AMETHYSTS;9996;1;9995;30;;;10004;1;10005;30;;;10000.0;83.0
-2;5900;AMETHYSTS;9996;2;9995;28;;;10004;2;10005;28;;;10000.0;83.0
-2;5900;STARFRUIT;5000;5;4999;30;;;5005;2;5006;28;;;5002.5;74.12109375
-2;6000;STARFRUIT;4998;30;;;;;5005;30;;;;;5001.5;71.96484375
-2;6000;AMETHYSTS;9995;30;;;;;10005;30;;;;;10000.0;83.0
-2;6100;STARFRUIT;4999;24;;;;;5005;1;5006;24;;;5002.0;73.765625
-2;6100;AMETHYSTS;9996;1;9995;24;;;10004;1;10005;24;;;10000.0;83.0
-2;6200;STARFRUIT;4999;22;;;;;5005;1;5006;21;;;5002.0;73.2109375
-2;6200;AMETHYSTS;9996;1;9995;21;;;10004;1;10005;21;;;10000.0;83.0
-2;6300;AMETHYSTS;9996;2;9995;23;;;10004;2;10005;23;;;10000.0;83.0
-2;6300;STARFRUIT;4999;7;4998;23;;;5005;25;;;;;5002.0;72.7109375
-2;6400;STARFRUIT;4999;1;4998;24;;;5005;25;;;;;5002.0;72.41015625
-2;6400;AMETHYSTS;9996;1;9995;24;;;10004;1;10005;24;;;10000.0;83.0
-2;6500;STARFRUIT;4999;27;;;;;5005;1;5006;26;;;5002.0;74.21875
-2;6500;AMETHYSTS;9996;1;9995;26;;;9998;1;10004;1;10005;26;9997.0;83.0
-2;6600;STARFRUIT;4998;26;;;;;5005;26;;;;;5001.5;71.234375
-2;6600;AMETHYSTS;9996;2;9995;24;;;10004;2;10005;24;;;10000.0;85.0
-2;6700;AMETHYSTS;9995;20;;;;;10002;3;10005;20;;;9998.5;109.0
-2;6700;STARFRUIT;4999;7;4998;20;;;5005;20;;;;;5002.0;66.96484375
-2;6800;STARFRUIT;4997;32;;;;;5002;8;5003;2;5004;30;4999.5;60.16796875
-2;6800;AMETHYSTS;9996;2;9995;30;;;10004;2;10005;30;;;10000.0;109.0
-2;6900;STARFRUIT;4997;27;;;;;5002;1;5004;27;;;4999.5;63.50390625
-2;6900;AMETHYSTS;9996;1;9995;26;;;10002;5;10004;1;10005;26;9999.0;109.0
-2;7000;STARFRUIT;5002;4;4997;27;;;5004;27;;;;;5003.0;63.70703125
-2;7000;AMETHYSTS;9998;2;9995;27;;;10005;27;;;;;10001.5;109.0
-2;7100;AMETHYSTS;9996;1;9995;29;;;10004;1;10005;29;;;10000.0;117.0
-2;7100;STARFRUIT;4998;30;;;;;5005;30;;;;;5001.5;67.9140625
-2;7200;STARFRUIT;4998;28;;;;;5005;28;;;;;5001.5;67.8828125
-2;7200;AMETHYSTS;9998;5;9996;1;9995;27;10004;1;10005;27;;;10001.0;117.0
-2;7300;STARFRUIT;4998;6;4997;29;;;5004;31;;;;;5001.0;65.8046875
-2;7300;AMETHYSTS;10002;1;9996;2;9995;29;10004;2;10005;29;;;10003.0;117.0
-2;7400;STARFRUIT;4998;22;;;;;5004;1;5005;22;;;5001.0;70.810546875
-2;7400;AMETHYSTS;9996;1;9995;22;;;10004;1;10005;22;;;10000.0;123.0
-2;7500;AMETHYSTS;9995;25;;;;;10002;10;10005;25;;;9998.5;123.0
-2;7500;STARFRUIT;4998;25;;;;;5005;25;;;;;5001.5;70.654296875
-2;7600;STARFRUIT;4997;22;;;;;5004;22;;;;;5000.5;68.1484375
-2;7600;AMETHYSTS;9996;2;9995;20;;;10004;2;10005;20;;;10000.0;123.0
-2;7700;AMETHYSTS;9995;22;;;;;10005;22;;;;;10000.0;123.0
-2;7700;STARFRUIT;4997;21;;;;;5004;22;;;;;5000.5;66.384765625
-2;7800;AMETHYSTS;9998;3;9996;1;9995;22;10004;1;10005;22;;;10001.0;123.0
-2;7800;STARFRUIT;4998;1;4997;22;;;5004;23;;;;;5001.0;69.900390625
-2;7900;AMETHYSTS;9996;1;9995;26;;;10004;1;10005;26;;;10000.0;123.0
-2;7900;STARFRUIT;4999;4;4998;27;;;5004;1;5005;26;;;5001.5;70.6015625
-2;8000;STARFRUIT;4998;27;;;;;5003;8;5005;27;;;5000.5;71.42578125
-2;8000;AMETHYSTS;9995;27;;;;;10005;27;;;;;10000.0;123.0
-2;8100;AMETHYSTS;9996;1;9995;22;;;10004;1;10005;22;;;10000.0;123.0
-2;8100;STARFRUIT;4998;23;;;;;5004;1;5005;22;;;5001.0;70.87109375
-2;8200;AMETHYSTS;9995;23;;;;;10005;23;;;;;10000.0;163.0
-2;8200;STARFRUIT;4997;23;;;;;5002;1;5004;23;;;4999.5;69.494140625
-2;8300;AMETHYSTS;9996;1;9995;29;;;10004;1;10005;29;;;10000.0;163.0
-2;8300;STARFRUIT;4998;30;;;;;5005;30;;;;;5001.5;71.267578125
-2;8400;STARFRUIT;4998;28;;;;;5005;28;;;;;5001.5;71.0546875
-2;8400;AMETHYSTS;9995;28;;;;;10005;28;;;;;10000.0;163.0
-2;8500;AMETHYSTS;9998;10;9996;2;9995;29;10004;2;10005;29;;;10001.0;163.0
-2;8500;STARFRUIT;4998;2;4997;29;;;5004;31;;;;;5001.0;69.53515625
-2;8600;AMETHYSTS;9996;1;9995;22;;;10004;1;10005;22;;;10000.0;163.0
-2;8600;STARFRUIT;4997;22;;;;;5004;23;;;;;5000.5;69.265625
-2;8700;AMETHYSTS;9998;10;9995;27;;;10005;27;;;;;10001.5;163.0
-2;8700;STARFRUIT;4997;27;;;;;5002;4;5004;27;;;4999.5;67.458984375
-2;8800;STARFRUIT;4998;7;4997;25;;;5004;25;;;;;5001.0;67.83203125
-2;8800;AMETHYSTS;9995;25;;;;;9998;1;10005;25;;;9996.5;163.0
-2;8900;AMETHYSTS;9998;9;9995;26;;;10005;26;;;;;10001.5;165.0
-2;8900;STARFRUIT;4999;1;4998;26;;;5005;26;;;;;5002.0;70.078125
-2;9000;AMETHYSTS;9996;2;9995;29;;;10004;2;10005;29;;;10000.0;165.0
-2;9000;STARFRUIT;4997;31;;;;;5004;31;;;;;5000.5;68.408203125
-2;9100;AMETHYSTS;9998;3;9996;2;9995;27;10004;2;10005;27;;;10001.0;165.0
-2;9100;STARFRUIT;4998;29;;;;;5005;29;;;;;5001.5;71.25
-2;9200;STARFRUIT;4997;27;;;;;5002;7;5004;27;;;4999.5;69.91796875
-2;9200;AMETHYSTS;9998;10;9995;27;;;10005;27;;;;;10001.5;165.0
-2;9300;AMETHYSTS;9996;1;9995;20;;;10004;1;10005;20;;;10000.0;165.0
-2;9300;STARFRUIT;4998;21;;;;;5004;1;5005;20;;;5001.0;70.216796875
-2;9400;AMETHYSTS;9998;2;9996;2;9995;21;10004;2;10005;21;;;10001.0;165.0
-2;9400;STARFRUIT;4997;23;;;;;5004;23;;;;;5000.5;68.546875
-2;9500;AMETHYSTS;9996;1;9995;30;;;10004;1;10005;30;;;10000.0;165.0
-2;9500;STARFRUIT;4998;4;4997;31;;;5004;31;;;;;5001.0;68.1015625
-2;9600;STARFRUIT;4997;31;;;;;5004;31;;;;;5000.5;68.19140625
-2;9600;AMETHYSTS;9996;1;9995;30;;;10004;1;10005;30;;;10000.0;165.0
-2;9700;AMETHYSTS;9995;22;;;;;10002;1;10005;22;;;9998.5;165.0
-2;9700;STARFRUIT;4997;22;;;;;5004;22;;;;;5000.5;67.322265625
-2;9800;AMETHYSTS;9995;26;;;;;10005;26;;;;;10000.0;165.0
-2;9800;STARFRUIT;4997;26;;;;;5004;26;;;;;5000.5;65.91796875
-2;9900;AMETHYSTS;9995;25;;;;;10005;25;;;;;10000.0;165.0
-2;9900;STARFRUIT;5001;4;4996;25;;;5003;25;;;;;5002.0;64.5625
-2;10000;STARFRUIT;4997;8;4996;28;;;5003;28;;;;;5000.0;62.921875
-2;10000;AMETHYSTS;9995;28;;;;;10005;28;;;;;10000.0;165.0
-2;10100;STARFRUIT;4996;1;4995;24;;;5002;25;;;;;4999.0;59.79296875
-2;10100;AMETHYSTS;9996;1;9995;24;;;10002;3;10004;1;10005;24;9999.0;165.0
-2;10200;AMETHYSTS;9996;2;9995;26;;;10004;2;10005;26;;;10000.0;165.0
-2;10200;STARFRUIT;4996;2;4995;26;;;5002;28;;;;;4999.0;59.265625
-2;10300;STARFRUIT;5001;1;4997;8;4996;27;5003;27;;;;;5002.0;60.05859375
-2;10300;AMETHYSTS;9998;4;9995;27;;;10005;27;;;;;10001.5;165.0
-2;10400;STARFRUIT;4997;1;4996;29;;;5003;29;;;;;5000.0;63.4921875
-2;10400;AMETHYSTS;10002;1;9996;1;9995;28;10004;1;10005;28;;;10003.0;165.0
-2;10500;STARFRUIT;4996;31;;;;;5003;31;;;;;4999.5;64.51953125
-2;10500;AMETHYSTS;9998;4;9996;2;9995;29;10004;2;10005;29;;;10001.0;167.0
-2;10600;AMETHYSTS;9996;2;9995;29;;;10000;4;10004;2;10005;29;9998.0;167.0
-2;10600;STARFRUIT;4997;31;;;;;5000;4;5002;4;5004;31;4998.5;68.431640625
-2;10700;STARFRUIT;4998;1;4997;28;;;5004;28;;;;;5001.0;68.9375
-2;10700;AMETHYSTS;9998;8;9995;28;;;10005;28;;;;;10001.5;167.0
-2;10800;STARFRUIT;4998;3;4997;24;;;5004;24;;;;;5001.0;68.20703125
-2;10800;AMETHYSTS;9998;5;9996;2;9995;22;10004;2;10005;22;;;10001.0;167.0
-2;10900;STARFRUIT;4999;7;4998;28;;;5005;28;;;;;5002.0;71.1875
-2;10900;AMETHYSTS;9996;1;9995;27;;;10004;1;10005;27;;;10000.0;203.0
-2;11000;AMETHYSTS;9995;24;;;;;10002;7;10005;24;;;9998.5;203.0
-2;11000;STARFRUIT;5002;7;4997;24;;;5004;24;;;;;5003.0;69.513671875
-2;11100;STARFRUIT;4998;21;;;;;5005;21;;;;;5001.5;76.208984375
-2;11100;AMETHYSTS;9998;3;9995;21;;;10005;21;;;;;10001.5;203.0
-2;11200;STARFRUIT;4998;2;4997;21;;;5004;23;;;;;5001.0;77.353515625
-2;11200;AMETHYSTS;9996;2;9995;21;;;10002;7;10004;2;10005;21;9999.0;210.0
-2;11300;STARFRUIT;4999;3;4998;22;;;5004;1;5005;21;;;5001.5;76.9326171875
-2;11300;AMETHYSTS;9996;1;9995;21;;;10004;1;10005;21;;;10000.0;210.0
-2;11400;AMETHYSTS;9996;1;9995;25;;;10004;1;10005;25;;;10000.0;210.0
-2;11400;STARFRUIT;4997;26;;;;;5003;1;5004;25;;;5000.0;79.2880859375
-2;11500;STARFRUIT;4997;26;;;;;5002;8;5004;26;;;4999.5;83.4052734375
-2;11500;AMETHYSTS;9996;1;9995;25;;;10002;7;10004;1;10005;25;9999.0;214.0
-2;11600;STARFRUIT;4997;29;;;;;5004;29;;;;;5000.5;83.46875
-2;11600;AMETHYSTS;9996;2;9995;27;;;10002;2;10004;2;10005;27;9999.0;214.0
-2;11700;STARFRUIT;4997;23;;;;;4998;2;5003;2;5004;21;4997.5;83.85546875
-2;11700;AMETHYSTS;9996;2;9995;21;;;10004;2;10005;21;;;10000.0;214.0
-2;11800;AMETHYSTS;9998;10;9995;29;;;10000;5;10005;29;;;9999.0;214.0
-2;11800;STARFRUIT;4997;29;;;;;5000;4;5004;29;;;4998.5;83.1875
-2;11900;STARFRUIT;4998;32;;;;;5003;3;5004;2;5005;30;5000.5;82.88330078125
-2;11900;AMETHYSTS;9996;2;9995;30;;;10004;2;10005;30;;;10000.0;214.0
-2;12000;STARFRUIT;4998;20;;;;;5005;20;;;;;5001.5;82.86572265625
-2;12000;AMETHYSTS;10002;1;9995;20;;;10005;20;;;;;10003.5;214.0
-2;12100;STARFRUIT;4998;2;4997;25;;;5002;1;5004;27;;;5000.0;83.16357421875
-2;12100;AMETHYSTS;9996;2;9995;25;;;10004;2;10005;25;;;10000.0;216.0
-2;12200;AMETHYSTS;9996;2;9995;28;;;10004;2;10005;28;;;10000.0;216.0
-2;12200;STARFRUIT;4998;6;4997;28;;;5004;30;;;;;5001.0;83.181640625
-2;12300;STARFRUIT;4998;1;4997;28;;;5004;29;;;;;5001.0;83.24755859375
-2;12300;AMETHYSTS;9998;6;9996;1;9995;28;10004;1;10005;28;;;10001.0;216.0
-2;12400;STARFRUIT;4999;4;4998;26;;;5005;26;;;;;5002.0;82.9599609375
-2;12400;AMETHYSTS;9995;26;;;;;10005;26;;;;;10000.0;216.0
-2;12500;STARFRUIT;4998;19;;;;;5005;20;;;;;5001.5;122.28125
-2;12500;AMETHYSTS;9995;20;;;;;10005;20;;;;;10000.0;216.0
-2;12600;AMETHYSTS;9995;22;;;;;10005;22;;;;;10000.0;216.0
-2;12600;STARFRUIT;4998;22;;;;;5005;22;;;;;5001.5;126.546875
-2;12700;STARFRUIT;4998;2;4997;20;;;5004;22;;;;;5001.0;130.0625
-2;12700;AMETHYSTS;9996;2;9995;20;;;10004;2;10005;20;;;10000.0;216.0
-2;12800;STARFRUIT;4997;22;;;;;5004;22;;;;;5000.5;133.46875
-2;12800;AMETHYSTS;9996;2;9995;20;;;10004;2;10005;20;;;10000.0;216.0
-2;12900;STARFRUIT;4998;7;4997;29;;;5003;1;5004;28;;;5000.5;142.0859375
-2;12900;AMETHYSTS;9996;1;9995;28;;;10002;3;10004;1;10005;28;9999.0;216.0
-2;13000;AMETHYSTS;10002;1;9995;20;;;10005;20;;;;;10003.5;216.0
-2;13000;STARFRUIT;5002;1;4997;6;4996;20;5003;20;;;;;5002.5;145.8671875
-2;13100;STARFRUIT;4997;8;4996;25;;;5003;26;;;;;5000.0;146.46875
-2;13100;AMETHYSTS;9996;1;9995;25;;;10004;1;10005;25;;;10000.0;218.0
-2;13200;STARFRUIT;4997;22;;;;;5002;5;5004;22;;;4999.5;142.078125
-2;13200;AMETHYSTS;9998;2;9995;22;;;10005;22;;;;;10001.5;218.0
-2;13300;STARFRUIT;4998;6;4997;24;;;5004;24;;;;;5001.0;133.671875
-2;13300;AMETHYSTS;9995;24;;;;;10005;24;;;;;10000.0;218.0
-2;13400;AMETHYSTS;9996;2;9995;30;;;10004;2;10005;30;;;10000.0;226.0
-2;13400;STARFRUIT;4997;32;;;;;5004;32;;;;;5000.5;144.203125
-2;13500;STARFRUIT;4997;30;;;;;5002;8;5004;30;;;4999.5;140.265625
-2;13500;AMETHYSTS;9995;30;;;;;10005;30;;;;;10000.0;226.0
-2;13600;STARFRUIT;4997;24;;;;;5002;3;5004;25;;;4999.5;143.4609375
-2;13600;AMETHYSTS;9995;25;;;;;10002;10;10005;25;;;9998.5;226.0
-2;13700;STARFRUIT;4999;4;4998;21;;;5004;1;5005;20;;;5001.5;128.59375
-2;13700;AMETHYSTS;9996;1;9995;20;;;9998;4;10004;1;10005;20;9997.0;226.0
-2;13800;AMETHYSTS;9996;2;9995;20;;;10004;2;10005;20;;;10000.0;234.0
-2;13800;STARFRUIT;4999;1;4998;22;;;5004;2;5005;20;;;5001.5;128.9609375
-2;13900;STARFRUIT;4998;22;;;;;5001;6;5003;4;5005;22;4999.5;125.3671875
-2;13900;AMETHYSTS;9996;2;9995;20;;;10000;6;10004;2;10005;20;9998.0;234.0
-2;14000;STARFRUIT;4998;5;4997;27;;;5004;29;;;;;5001.0;132.09375
-2;14000;AMETHYSTS;9998;5;9996;2;9995;27;10004;2;10005;27;;;10001.0;234.0
-2;14100;STARFRUIT;4997;25;;;;;5002;1;5004;25;;;4999.5;137.921875
-2;14100;AMETHYSTS;9996;2;9995;23;;;10004;2;10005;23;;;10000.0;234.0
-2;14200;AMETHYSTS;9995;21;;;;;10005;21;;;;;10000.0;234.0
-2;14200;STARFRUIT;4997;21;;;;;4998;1;5004;21;;;4997.5;136.4921875
-2;14300;STARFRUIT;4997;29;;;;;5004;29;;;;;5000.5;141.859375
-2;14300;AMETHYSTS;9996;2;9995;27;;;10004;2;10005;27;;;10000.0;234.0
-2;14400;STARFRUIT;4997;30;;;;;5004;30;;;;;5000.5;139.484375
-2;14400;AMETHYSTS;9996;1;9995;29;;;10004;1;10005;29;;;10000.0;234.0
-2;14500;AMETHYSTS;9995;24;;;;;10002;1;10005;24;;;9998.5;234.0
-2;14500;STARFRUIT;4997;24;;;;;5004;24;;;;;5000.5;150.078125
-2;14600;STARFRUIT;4997;28;;;;;5000;2;5004;28;;;4998.5;145.6015625
-2;14600;AMETHYSTS;9996;2;9995;26;;;10000;2;10004;2;10005;26;9998.0;234.0
-2;14700;STARFRUIT;4997;30;;;;;5004;30;;;;;5000.5;151.7109375
-2;14700;AMETHYSTS;9995;30;;;;;10002;7;10005;30;;;9998.5;234.0
-2;14800;STARFRUIT;4997;28;;;;;5004;28;;;;;5000.5;140.0546875
-2;14800;AMETHYSTS;9995;28;;;;;10002;6;10005;28;;;9998.5;234.0
-2;14900;AMETHYSTS;10000;4;9995;26;;;10005;26;;;;;10002.5;234.0
-2;14900;STARFRUIT;5000;4;4997;26;;;5004;26;;;;;5002.0;142.0234375
-2;15000;STARFRUIT;5003;8;4998;25;;;5005;25;;;;;5004.0;134.6015625
-2;15000;AMETHYSTS;9998;1;9995;25;;;10005;25;;;;;10001.5;234.0
-2;15100;STARFRUIT;4998;5;4997;22;;;5004;22;;;;;5001.0;144.0625
-2;15100;AMETHYSTS;9995;22;;;;;10005;22;;;;;10000.0;234.0
-2;15200;STARFRUIT;4997;27;;;;;4998;1;5004;27;;;4997.5;141.171875
-2;15200;AMETHYSTS;9998;6;9995;27;;;10005;27;;;;;10001.5;234.0
-2;15300;AMETHYSTS;9995;26;;;;;10002;1;10005;26;;;9998.5;234.0
-2;15300;STARFRUIT;4997;26;;;;;5002;4;5004;26;;;4999.5;146.359375
-2;15400;STARFRUIT;4998;5;4997;30;;;5003;2;5004;28;;;5000.5;150.25
-2;15400;AMETHYSTS;9996;2;9995;28;;;9998;1;10004;2;10005;28;9997.0;238.0
-2;15500;STARFRUIT;4997;31;;;;;5002;8;5003;2;5004;29;4999.5;150.078125
-2;15500;AMETHYSTS;10002;1;9996;2;9995;29;10004;2;10005;29;;;10003.0;238.0
-2;15600;STARFRUIT;4997;7;4996;24;;;5003;26;;;;;5000.0;152.6171875
-2;15600;AMETHYSTS;9996;2;9995;24;;;10004;2;10005;24;;;10000.0;238.0
-2;15700;AMETHYSTS;10002;5;9996;1;9995;24;10004;1;10005;24;;;10003.0;244.0
-2;15700;STARFRUIT;4997;25;;;;;5003;1;5004;24;;;5000.0;150.5234375
-2;15800;STARFRUIT;5002;1;4997;22;;;5004;22;;;;;5003.0;144.5859375
-2;15800;AMETHYSTS;9998;10;9996;2;9995;20;10004;2;10005;20;;;10001.0;244.0
-2;15900;STARFRUIT;4997;31;;;;;5000;6;5002;2;5004;31;4998.5;139.40625
-2;15900;AMETHYSTS;9996;2;9995;29;;;10000;6;10004;2;10005;29;9998.0;244.0
-2;16000;STARFRUIT;4997;29;;;;;5002;2;5004;29;;;4999.5;140.1171875
-2;16000;AMETHYSTS;9996;2;9995;27;;;10002;6;10004;2;10005;27;9999.0;244.0
-2;16100;AMETHYSTS;9995;21;;;;;10000;2;10002;10;10005;21;9997.5;244.0
-2;16100;STARFRUIT;4997;21;;;;;5000;2;5004;21;;;4998.5;150.9921875
-2;16200;STARFRUIT;4996;24;;;;;4998;1;5003;24;;;4997.0;157.421875
-2;16200;AMETHYSTS;9995;24;;;;;9998;1;10005;24;;;9996.5;244.0
-2;16300;STARFRUIT;4997;2;4996;23;;;5003;23;;;;;5000.0;158.9921875
-2;16300;AMETHYSTS;9996;1;9995;22;;;10004;1;10005;22;;;10000.0;244.0
-2;16400;STARFRUIT;4996;2;4995;30;;;5002;32;;;;;4999.0;175.9140625
-2;16400;AMETHYSTS;9996;2;9995;30;;;10002;3;10004;2;10005;30;9999.0;272.0
-2;16500;AMETHYSTS;9996;2;9995;21;;;10002;7;10004;2;10005;21;9999.0;272.0
-2;16500;STARFRUIT;4996;23;;;;;5002;2;5003;21;;;4999.0;169.9375
-2;16600;STARFRUIT;4996;29;;;;;5002;2;5003;28;;;4999.0;171.859375
-2;16600;AMETHYSTS;9998;4;9996;2;9995;28;10004;2;10005;28;;;10001.0;272.0
-2;16700;AMETHYSTS;10002;1;9995;26;;;10005;26;;;;;10003.5;272.0
-2;16700;STARFRUIT;5001;1;4995;26;;;5002;26;;;;;5001.5;173.8828125
-2;16800;AMETHYSTS;9995;26;;;;;10005;26;;;;;10000.0;272.0
-2;16800;STARFRUIT;4996;26;;;;;5003;26;;;;;4999.5;166.34375
-2;16900;AMETHYSTS;9996;1;9995;25;;;10004;1;10005;25;;;10000.0;292.0
-2;16900;STARFRUIT;4996;26;;;;;5003;26;;;;;4999.5;161.046875
-2;17000;STARFRUIT;4996;29;;;;;5003;29;;;;;4999.5;159.296875
-2;17000;AMETHYSTS;9998;9;9995;29;;;10005;29;;;;;10001.5;292.0
-2;17100;AMETHYSTS;9996;2;9995;21;;;10004;2;10005;21;;;10000.0;292.0
-2;17100;STARFRUIT;4996;23;;;;;5002;2;5003;21;;;4999.0;167.28125
-2;17200;AMETHYSTS;9998;3;9996;2;9995;22;10004;2;10005;22;;;10001.0;292.0
-2;17200;STARFRUIT;4996;24;;;;;5003;24;;;;;4999.5;164.828125
-2;17300;AMETHYSTS;9996;2;9995;23;;;10002;9;10004;2;10005;23;9999.0;292.0
-2;17300;STARFRUIT;4996;25;;;;;5001;6;5003;25;;;4998.5;162.0859375
-2;17400;STARFRUIT;4999;6;4996;28;;;5003;28;;;;;5001.0;169.1484375
-2;17400;AMETHYSTS;10000;6;9998;7;9995;28;10005;28;;;;;10002.5;292.0
-2;17500;AMETHYSTS;9995;26;;;;;10005;26;;;;;10000.0;292.0
-2;17500;STARFRUIT;4996;26;;;;;5003;26;;;;;4999.5;160.859375
-2;17600;AMETHYSTS;9998;6;9995;30;;;10005;30;;;;;10001.5;292.0
-2;17600;STARFRUIT;4996;30;;;;;5003;30;;;;;4999.5;156.828125
-2;17700;AMETHYSTS;9996;2;9995;27;;;10004;2;10005;27;;;10000.0;292.0
-2;17700;STARFRUIT;5001;1;4996;2;4995;27;5002;29;;;;;5001.5;172.5390625
-2;17800;STARFRUIT;4996;26;;;;;5002;2;5003;24;;;4999.0;171.578125
-2;17800;AMETHYSTS;9996;2;9995;24;;;10002;5;10004;2;10005;24;9999.0;292.0
-2;17900;AMETHYSTS;9995;23;;;;;10005;23;;;;;10000.0;292.0
-2;17900;STARFRUIT;4995;23;;;;;5002;23;;;;;4998.5;181.671875
-2;18000;AMETHYSTS;9996;2;9995;25;;;10004;2;10005;25;;;10000.0;292.0
-2;18000;STARFRUIT;4996;2;4995;25;;;5002;27;;;;;4999.0;172.6328125
-2;18100;AMETHYSTS;9995;20;;;;;10005;20;;;;;10000.0;292.0
-2;18100;STARFRUIT;4996;20;;;;;5003;20;;;;;4999.5;166.21875
-2;18200;STARFRUIT;4995;25;;;;;4997;4;5002;26;;;4996.0;175.03125
-2;18200;AMETHYSTS;9996;1;9995;25;;;10004;1;10005;25;;;10000.0;292.0
-2;18300;AMETHYSTS;9996;2;9995;23;;;10004;2;10005;23;;;10000.0;292.0
-2;18300;STARFRUIT;4995;25;;;;;5002;25;;;;;4998.5;182.09375
-2;18400;AMETHYSTS;9996;2;9995;23;;;10004;2;10005;23;;;10000.0;292.0
-2;18400;STARFRUIT;4995;25;;;;;5000;5;5002;25;;;4997.5;181.296875
-2;18500;AMETHYSTS;9995;29;;;;;10000;2;10005;29;;;9997.5;292.0
-2;18500;STARFRUIT;4995;29;;;;;4998;1;5002;29;;;4996.5;183.21875
-2;18600;STARFRUIT;4996;20;;;;;5001;5;5003;20;;;4998.5;171.078125
-2;18600;AMETHYSTS;10002;1;9995;20;;;10005;20;;;;;10003.5;292.0
-2;18700;AMETHYSTS;9995;22;;;;;10005;22;;;;;10000.0;294.0
-2;18700;STARFRUIT;4996;22;;;;;5003;22;;;;;4999.5;165.1953125
-2;18800;AMETHYSTS;9996;2;9995;26;;;10004;2;10005;26;;;10000.0;294.0
-2;18800;STARFRUIT;4996;28;;;;;5002;2;5003;26;;;4999.0;167.4609375
-2;18900;STARFRUIT;4996;22;;;;;5003;22;;;;;4999.5;162.875
-2;18900;AMETHYSTS;9998;2;9995;22;;;10005;22;;;;;10001.5;294.0
-2;19000;STARFRUIT;4995;28;;;;;4996;10;5002;28;;;4995.5;179.078125
-2;19000;AMETHYSTS;9996;2;9995;26;;;10004;2;10005;26;;;10000.0;294.0
-2;19100;STARFRUIT;4996;2;4995;26;;;5002;28;;;;;4999.0;176.625
-2;19100;AMETHYSTS;9996;2;9995;26;;;10004;2;10005;26;;;10000.0;294.0
-2;19200;AMETHYSTS;9996;1;9995;20;;;9998;1;10004;1;10005;20;9997.0;294.0
-2;19200;STARFRUIT;4996;21;;;;;5002;1;5003;20;;;4999.0;169.7421875
-2;19300;STARFRUIT;4996;23;;;;;5002;2;5003;21;;;4999.0;171.1875
-2;19300;AMETHYSTS;9996;2;9995;21;;;10004;2;10005;21;;;10000.0;294.0
-2;19400;STARFRUIT;4995;26;;;;;5002;26;;;;;4998.5;178.6171875
-2;19400;AMETHYSTS;9995;26;;;;;10005;26;;;;;10000.0;297.0
-2;19500;STARFRUIT;4995;23;;;;;5002;23;;;;;4998.5;174.3515625
-2;19500;AMETHYSTS;9995;23;;;;;10005;23;;;;;10000.0;297.0
-2;19600;AMETHYSTS;9996;2;9995;27;;;10004;2;10005;27;;;10000.0;297.0
-2;19600;STARFRUIT;4997;2;4996;27;;;5003;29;;;;;5000.0;159.5390625
-2;19700;STARFRUIT;4997;1;4996;30;;;5001;7;5003;32;;;4999.0;158.0078125
-2;19700;AMETHYSTS;10002;1;9996;2;9995;30;10004;2;10005;30;;;10003.0;297.0
-2;19800;STARFRUIT;4996;31;;;;;5003;31;;;;;4999.5;166.5
-2;19800;AMETHYSTS;9996;2;9995;29;;;10004;2;10005;29;;;10000.0;297.0
-2;19900;STARFRUIT;4997;2;4996;30;;;5003;32;;;;;5000.0;155.578125
-2;19900;AMETHYSTS;9996;2;9995;30;;;10004;2;10005;30;;;10000.0;297.0
-2;20000;AMETHYSTS;9995;27;;;;;10002;4;10005;27;;;9998.5;297.0
-2;20000;STARFRUIT;4997;2;4996;27;;;5003;27;;;;;5000.0;169.8046875
-2;20100;STARFRUIT;4996;31;;;;;5001;4;5003;31;;;4998.5;166.015625
-2;20100;AMETHYSTS;10002;1;9996;1;9995;30;10004;1;10005;30;;;10003.0;297.0
-2;20200;STARFRUIT;4996;29;;;;;5003;29;;;;;4999.5;170.4375
-2;20200;AMETHYSTS;9995;29;;;;;9998;1;10005;29;;;9996.5;297.0
-2;20300;STARFRUIT;4996;27;;;;;4997;1;5003;27;;;4996.5;163.40625
-2;20300;AMETHYSTS;9995;27;;;;;10005;27;;;;;10000.0;297.0
-2;20400;AMETHYSTS;9996;1;9995;28;;;10000;4;10004;1;10005;28;9998.0;297.0
-2;20400;STARFRUIT;4997;1;4996;29;;;4999;4;5002;1;5003;28;4998.0;169.6328125
-2;20500;STARFRUIT;4999;4;4997;5;4996;32;5003;32;;;;;5001.0;159.09375
-2;20500;AMETHYSTS;10000;3;9996;2;9995;30;10004;2;10005;30;;;10002.0;297.0
-2;20600;STARFRUIT;4997;2;4996;26;;;5003;28;;;;;5000.0;156.7265625
-2;20600;AMETHYSTS;9996;2;9995;26;;;10004;2;10005;26;;;10000.0;297.0
-2;20700;STARFRUIT;4999;6;4996;22;;;5003;22;;;;;5001.0;170.5
-2;20700;AMETHYSTS;10002;1;10000;6;9998;4;10005;22;;;;;10003.5;297.0
-2;20800;AMETHYSTS;9996;2;9995;22;;;10004;2;10005;22;;;10000.0;297.0
-2;20800;STARFRUIT;4995;24;;;;;5002;24;;;;;4998.5;186.234375
-2;20900;STARFRUIT;5000;1;4995;23;;;5002;23;;;;;5001.0;188.7734375
-2;20900;AMETHYSTS;9995;23;;;;;10005;23;;;;;10000.0;297.0
-2;21000;STARFRUIT;4996;2;4995;26;;;5002;28;;;;;4999.0;178.484375
-2;21000;AMETHYSTS;9996;2;9995;26;;;10004;2;10005;26;;;10000.0;297.0
-2;21100;STARFRUIT;4996;2;4995;22;;;5002;24;;;;;4999.0;177.484375
-2;21100;AMETHYSTS;9996;2;9995;22;;;10004;2;10005;22;;;10000.0;297.0
-2;21200;AMETHYSTS;9995;22;;;;;9998;1;10005;22;;;9996.5;297.0
-2;21200;STARFRUIT;4995;22;;;;;5002;22;;;;;4998.5;176.96875
-2;21300;STARFRUIT;4996;1;4995;29;;;5002;30;;;;;4999.0;178.859375
-2;21300;AMETHYSTS;9996;1;9995;29;;;10002;7;10004;1;10005;29;9999.0;297.0
-2;21400;STARFRUIT;4996;28;;;;;5003;28;;;;;4999.5;172.9921875
-2;21400;AMETHYSTS;9995;28;;;;;10005;28;;;;;10000.0;325.0
-2;21500;STARFRUIT;5000;4;4996;21;;;5002;1;5003;20;;;5001.0;170.0078125
-2;21500;AMETHYSTS;9996;1;9995;20;;;10004;1;10005;20;;;10000.0;325.0
-2;21600;AMETHYSTS;10002;12;9996;2;9995;25;10004;2;10005;25;;;10003.0;325.0
-2;21600;STARFRUIT;4996;27;;;;;5003;27;;;;;4999.5;167.7890625
-2;21700;STARFRUIT;4996;2;4995;29;;;5002;31;;;;;4999.0;175.6484375
-2;21700;AMETHYSTS;9998;8;9996;2;9995;29;10004;2;10005;29;;;10001.0;325.0
-2;21800;STARFRUIT;4996;24;;;;;5003;24;;;;;4999.5;166.203125
-2;21800;AMETHYSTS;9996;2;9995;22;;;10004;2;10005;22;;;10000.0;325.0
-2;21900;STARFRUIT;4997;1;4996;21;;;5003;22;;;;;5000.0;155.359375
-2;21900;AMETHYSTS;10002;3;9996;1;9995;21;10004;1;10005;21;;;10003.0;325.0
-2;22000;AMETHYSTS;9995;21;;;;;10005;21;;;;;10000.0;325.0
-2;22000;STARFRUIT;4996;21;;;;;5003;21;;;;;4999.5;165.75
-2;22100;STARFRUIT;4997;23;;;;;5004;24;;;;;5000.5;147.421875
-2;22100;AMETHYSTS;9996;2;9995;22;;;10002;7;10004;2;10005;22;9999.0;325.0
-2;22200;STARFRUIT;4997;21;;;;;5004;21;;;;;5000.5;141.671875
-2;22200;AMETHYSTS;9998;6;9996;1;9995;20;10004;1;10005;20;;;10001.0;325.0
-2;22300;STARFRUIT;4997;29;;;;;5004;29;;;;;5000.5;145.578125
-2;22300;AMETHYSTS;9996;1;9995;28;;;10004;1;10005;28;;;10000.0;332.0
-2;22400;AMETHYSTS;9996;2;9995;27;;;9998;1;10004;2;10005;27;9997.0;332.0
-2;22400;STARFRUIT;4996;29;;;;;5003;29;;;;;4999.5;160.78125
-2;22500;STARFRUIT;4997;2;4996;29;;;5003;31;;;;;5000.0;155.5625
-2;22500;AMETHYSTS;9996;2;9995;29;;;10004;2;10005;29;;;10000.0;332.0
-2;22600;STARFRUIT;5000;6;4998;4;4997;22;5003;2;5004;20;;;5001.5;151.125
-2;22600;AMETHYSTS;10000;6;9998;6;9996;2;10004;2;10005;20;;;10002.0;332.0
-2;22700;STARFRUIT;4997;1;4996;24;;;5003;26;;;;;5000.0;155.890625
-2;22700;AMETHYSTS;9996;2;9995;24;;;10004;2;10005;24;;;10000.0;332.0
-2;22800;AMETHYSTS;9996;1;9995;27;;;9998;2;10004;1;10005;27;9997.0;332.0
-2;22800;STARFRUIT;4996;27;;;;;5002;1;5003;27;;;4999.0;170.171875
-2;22900;STARFRUIT;4996;32;;;;;5003;32;;;;;4999.5;161.234375
-2;22900;AMETHYSTS;9996;2;9995;30;;;10002;8;10004;2;10005;30;9999.0;332.0
-2;23000;STARFRUIT;4996;22;;;;;5003;22;;;;;4999.5;165.9375
-2;23000;AMETHYSTS;9996;1;9995;21;;;10004;1;10005;21;;;10000.0;332.0
-2;23100;STARFRUIT;4996;23;;;;;5003;23;;;;;4999.5;169.7109375
-2;23100;AMETHYSTS;9998;8;9995;23;;;10005;23;;;;;10001.5;332.0
-2;23200;AMETHYSTS;9998;5;9996;2;9995;29;10004;2;10005;29;;;10001.0;332.0
-2;23200;STARFRUIT;4997;31;;;;;5002;3;5004;31;;;4999.5;147.0546875
-2;23300;STARFRUIT;4998;30;;;;;5004;1;5005;29;;;5001.0;136.5
-2;23300;AMETHYSTS;9996;1;9995;29;;;10004;1;10005;29;;;10000.0;332.0
-2;23400;STARFRUIT;4998;30;;;;;5005;30;;;;;5001.5;129.671875
-2;23400;AMETHYSTS;9996;1;9995;29;;;10004;1;10005;29;;;10000.0;332.0
-2;23500;AMETHYSTS;9998;8;9996;2;9995;28;10004;2;10005;28;;;10001.0;332.0
-2;23500;STARFRUIT;4998;29;;;;;5003;4;5005;30;;;5000.5;132.953125
-2;23600;STARFRUIT;4998;27;;;;;5005;27;;;;;5001.5;128.3125
-2;23600;AMETHYSTS;9995;27;;;;;10005;27;;;;;10000.0;332.0
-2;23700;STARFRUIT;4997;23;;;;;5002;7;5004;23;;;4999.5;144.6875
-2;23700;AMETHYSTS;10002;1;9996;2;9995;21;10004;2;10005;21;;;10003.0;332.0
-2;23800;STARFRUIT;5003;1;4997;30;;;5004;30;;;;;5003.5;143.9375
-2;23800;AMETHYSTS;9995;30;;;;;10005;30;;;;;10000.0;332.0
-2;23900;AMETHYSTS;9995;30;;;;;10005;30;;;;;10000.0;332.0
-2;23900;STARFRUIT;5002;1;4998;1;4997;30;5004;30;;;;;5003.0;149.40625
-2;24000;STARFRUIT;4996;29;;;;;5003;29;;;;;4999.5;158.640625
-2;24000;AMETHYSTS;9998;9;9995;29;;;10005;29;;;;;10001.5;332.0
-2;24100;STARFRUIT;4996;26;;;;;5001;3;5003;26;;;4998.5;170.0078125
-2;24100;AMETHYSTS;9996;1;9995;25;;;10004;1;10005;25;;;10000.0;332.0
-2;24200;STARFRUIT;4996;30;;;;;5003;30;;;;;4999.5;166.25
-2;24200;AMETHYSTS;9996;2;9995;28;;;10002;6;10004;2;10005;28;9999.0;332.0
-2;24300;AMETHYSTS;9996;2;9995;24;;;10002;1;10004;2;10005;24;9999.0;332.0
-2;24300;STARFRUIT;4996;26;;;;;5003;26;;;;;4999.5;165.625
-2;24400;STARFRUIT;5002;1;4996;22;;;5003;22;;;;;5002.5;164.4921875
-2;24400;AMETHYSTS;10002;1;9998;4;9996;1;10004;1;10005;21;;;10003.0;332.0
-2;24500;STARFRUIT;4997;1;4996;25;;;5003;26;;;;;5000.0;158.46875
-2;24500;AMETHYSTS;10002;1;9996;1;9995;25;10004;1;10005;25;;;10003.0;332.0
-2;24600;STARFRUIT;4996;24;;;;;5001;2;5003;24;;;4998.5;167.1875
-2;24600;AMETHYSTS;9995;24;;;;;9998;2;10005;24;;;9996.5;332.0
-2;24700;AMETHYSTS;9995;25;;;;;10005;25;;;;;10000.0;332.0
-2;24700;STARFRUIT;4996;25;;;;;5003;25;;;;;4999.5;175.5703125
-2;24800;STARFRUIT;4995;23;;;;;5002;23;;;;;4998.5;187.609375
-2;24800;AMETHYSTS;9995;23;;;;;10005;23;;;;;10000.0;332.0
-2;24900;STARFRUIT;4999;4;4995;23;;;5002;23;;;;;5000.5;189.8984375
-2;24900;AMETHYSTS;10002;1;9996;1;9995;22;10004;1;10005;22;;;10003.0;332.0
-2;25000;STARFRUIT;4995;23;;;;;5002;23;;;;;4998.5;184.7578125
-2;25000;AMETHYSTS;9995;23;;;;;10005;23;;;;;10000.0;332.0
-2;25100;AMETHYSTS;10002;1;9995;25;;;10005;25;;;;;10003.5;332.0
-2;25100;STARFRUIT;4995;25;;;;;5000;4;5002;25;;;4997.5;185.7890625
-2;25200;STARFRUIT;4996;1;4995;24;;;5000;3;5002;25;;;4998.0;181.453125
-2;25200;AMETHYSTS;9996;1;9995;24;;;9998;5;10004;1;10005;24;9997.0;332.0
-2;25300;STARFRUIT;4996;2;4995;24;;;5002;24;;;;;4999.0;189.4609375
-2;25300;AMETHYSTS;9996;2;9995;22;;;10004;2;10005;22;;;10000.0;332.0
-2;25400;AMETHYSTS;9996;1;9995;29;;;10004;1;10005;29;;;10000.0;332.0
-2;25400;STARFRUIT;5000;8;4995;30;;;5001;1;5002;29;;;5000.5;192.65625
-2;25500;AMETHYSTS;9996;1;9995;20;;;9998;6;10002;9;10004;1;9997.0;332.0
-2;25500;STARFRUIT;4995;1;4994;20;;;5001;21;;;;;4998.0;197.859375
-2;25600;STARFRUIT;4995;8;4994;23;;;5001;23;;;;;4998.0;206.3203125
-2;25600;AMETHYSTS;9996;1;9995;22;;;10002;7;10004;1;10005;22;9999.0;332.0
-2;25700;AMETHYSTS;9996;2;9995;30;;;10004;2;10005;30;;;10000.0;332.0
-2;25700;STARFRUIT;4995;32;;;;;5000;6;5001;2;5002;30;4997.5;193.75
-2;25800;AMETHYSTS;10002;4;9995;24;;;10005;24;;;;;10003.5;344.0
-2;25800;STARFRUIT;4995;23;;;;;5002;24;;;;;4998.5;187.984375
-2;25900;AMETHYSTS;9996;2;9995;23;;;10004;2;10005;23;;;10000.0;344.0
-2;25900;STARFRUIT;4995;25;;;;;5001;2;5002;23;;;4998.0;193.15625
-2;26000;STARFRUIT;4994;27;;;;;4995;5;5001;29;;;4994.5;198.359375
-2;26000;AMETHYSTS;9996;2;9995;27;;;10004;2;10005;27;;;10000.0;344.0
-2;26100;AMETHYSTS;9998;7;9995;20;;;10005;20;;;;;10001.5;344.0
-2;26100;STARFRUIT;4994;20;;;;;5001;20;;;;;4997.5;196.421875
-2;26200;AMETHYSTS;9996;1;9995;22;;;10004;1;10005;22;;;10000.0;344.0
-2;26200;STARFRUIT;4994;23;;;;;5000;1;5001;22;;;4997.0;207.9296875
-2;26300;AMETHYSTS;9996;1;9995;29;;;9998;1;10004;1;10005;29;9997.0;344.0
-2;26300;STARFRUIT;4994;30;;;;;5001;30;;;;;4997.5;204.46875
-2;26400;STARFRUIT;4994;5;4993;22;;;5000;22;;;;;4997.0;214.796875
-2;26400;AMETHYSTS;9995;22;;;;;10005;22;;;;;10000.0;344.0
-2;26500;AMETHYSTS;9996;1;9995;23;;;10004;1;10005;23;;;10000.0;344.0
-2;26500;STARFRUIT;4993;24;;;;;5000;24;;;;;4996.5;217.765625
-2;26600;AMETHYSTS;9996;2;9995;28;;;9998;1;10004;2;10005;28;9997.0;344.0
-2;26600;STARFRUIT;4994;6;4993;30;;;5000;30;;;;;4997.0;225.9375
-2;26700;AMETHYSTS;9998;2;9996;1;9995;23;10004;1;10005;23;;;10001.0;344.0
-2;26700;STARFRUIT;4993;24;;;;;4998;6;4999;1;5000;23;4995.5;229.7734375
-2;26800;STARFRUIT;4998;1;4992;30;;;4999;30;;;;;4998.5;240.390625
-2;26800;AMETHYSTS;9996;2;9995;28;;;10004;2;10005;28;;;10000.0;344.0
-2;26900;AMETHYSTS;10002;1;9995;30;;;10005;30;;;;;10003.5;344.0
-2;26900;STARFRUIT;4991;30;;;;;4992;1;4998;30;;;4991.5;252.9296875
-2;27000;AMETHYSTS;9995;28;;;;;10002;1;10005;28;;;9998.5;346.0
-2;27000;STARFRUIT;4992;2;4991;28;;;4998;28;;;;;4995.0;260.6328125
-2;27100;AMETHYSTS;9995;24;;;;;10005;24;;;;;10000.0;346.0
-2;27100;STARFRUIT;4992;3;4991;24;;;4998;24;;;;;4995.0;266.0625
-2;27200;STARFRUIT;4991;21;;;;;4996;2;4998;21;;;4993.5;268.421875
-2;27200;AMETHYSTS;9998;2;9995;21;;;10005;21;;;;;10001.5;346.0
-2;27300;AMETHYSTS;9996;2;9995;29;;;10004;2;10005;29;;;10000.0;346.0
-2;27300;STARFRUIT;4996;1;4991;31;;;4997;2;4998;29;;;4996.5;267.890625
-2;27400;AMETHYSTS;9995;21;;;;;10005;21;;;;;10000.0;346.0
-2;27400;STARFRUIT;4991;21;;;;;4998;21;;;;;4994.5;255.75
-2;27500;AMETHYSTS;9996;1;9995;22;;;10004;1;10005;22;;;10000.0;346.0
-2;27500;STARFRUIT;4992;23;;;;;4997;6;4998;1;4999;22;4994.5;249.3046875
-2;27600;STARFRUIT;4993;6;4992;24;;;4999;24;;;;;4996.0;251.328125
-2;27600;AMETHYSTS;9998;5;9995;24;;;10005;24;;;;;10001.5;346.0
-2;27700;STARFRUIT;4992;24;;;;;4993;5;4999;24;;;4992.5;245.5625
-2;27700;AMETHYSTS;9995;24;;;;;10005;24;;;;;10000.0;346.0
-2;27800;AMETHYSTS;9998;9;9996;2;9995;26;10004;2;10005;26;;;10001.0;346.0
-2;27800;STARFRUIT;4992;28;;;;;4997;3;4998;2;4999;26;4994.5;251.0703125
-2;27900;STARFRUIT;4998;1;4992;29;;;4999;29;;;;;4998.5;239.546875
-2;27900;AMETHYSTS;9996;2;9995;27;;;10002;4;10004;2;10005;27;9999.0;346.0
-2;28000;STARFRUIT;4992;28;;;;;4999;28;;;;;4995.5;232.0
-2;28000;AMETHYSTS;9998;2;9995;28;;;10005;28;;;;;10001.5;346.0
-2;28100;STARFRUIT;4992;26;;;;;4999;26;;;;;4995.5;232.0
-2;28100;AMETHYSTS;9996;2;9995;24;;;10004;2;10005;24;;;10000.0;346.0
-2;28200;AMETHYSTS;9996;1;9995;25;;;9998;2;10004;1;10005;25;9997.0;346.0
-2;28200;STARFRUIT;4992;26;;;;;4997;5;4999;26;;;4994.5;232.0
-2;28300;STARFRUIT;4993;1;4992;23;;;4994;2;4999;24;;;4993.5;232.8359375
-2;28300;AMETHYSTS;9996;1;9995;23;;;10004;1;10005;23;;;10000.0;346.0
-2;28400;STARFRUIT;4992;1;4991;23;;;4998;25;;;;;4995.0;244.60546875
-2;28400;AMETHYSTS;9996;2;9995;23;;;10004;2;10005;23;;;10000.0;346.0
-2;28500;STARFRUIT;4991;23;;;;;4998;23;;;;;4994.5;247.88671875
-2;28500;AMETHYSTS;9998;10;9995;23;;;10005;23;;;;;10001.5;346.0
-2;28600;AMETHYSTS;10002;1;9996;2;9995;21;10004;2;10005;21;;;10003.0;346.0
-2;28600;STARFRUIT;4991;23;;;;;4996;8;4998;23;;;4993.5;249.97265625
-2;28700;STARFRUIT;4990;30;;;;;4997;30;;;;;4993.5;258.42578125
-2;28700;AMETHYSTS;9995;30;;;;;10005;30;;;;;10000.0;346.0
-2;28800;STARFRUIT;4990;27;;;;;4997;27;;;;;4993.5;263.10546875
-2;28800;AMETHYSTS;9995;27;;;;;10005;27;;;;;10000.0;346.0
-2;28900;STARFRUIT;4990;5;4989;21;;;4996;22;;;;;4993.0;267.26171875
-2;28900;AMETHYSTS;9998;7;9996;1;9995;21;10004;1;10005;21;;;10001.0;346.0
-2;29000;AMETHYSTS;9995;24;;;;;10005;24;;;;;10000.0;346.0
-2;29000;STARFRUIT;4989;24;;;;;4990;1;4996;24;;;4989.5;265.0546875
-2;29100;STARFRUIT;4991;3;4990;28;;;4996;2;4997;26;;;4993.5;263.7421875
-2;29100;AMETHYSTS;9996;2;9995;26;;;10004;2;10005;26;;;10000.0;378.0
-2;29200;STARFRUIT;4996;1;4991;31;;;4997;1;4998;30;;;4996.5;252.2578125
-2;29200;AMETHYSTS;9996;1;9995;30;;;10004;1;10005;30;;;10000.0;378.0
-2;29300;STARFRUIT;4991;32;;;;;4995;2;4997;32;;;4993.0;255.9921875
-2;29300;AMETHYSTS;9996;2;9995;30;;;10002;3;10004;2;10005;30;9999.0;378.0
-2;29400;AMETHYSTS;10002;1;9996;1;9995;25;10004;1;10005;25;;;10003.0;378.0
-2;29400;STARFRUIT;4991;25;;;;;4998;26;;;;;4994.5;246.828125
-2;29500;STARFRUIT;4992;2;4991;29;;;4998;29;;;;;4995.0;246.21875
-2;29500;AMETHYSTS;9996;2;9995;27;;;10004;2;10005;27;;;10000.0;380.0
-2;29600;STARFRUIT;4991;30;;;;;4996;3;4998;30;;;4993.5;244.078125
-2;29600;AMETHYSTS;9996;2;9995;28;;;10004;2;10005;28;;;10000.0;380.0
-2;29700;STARFRUIT;4992;2;4991;26;;;4997;1;4998;25;;;4994.5;253.328125
-2;29700;AMETHYSTS;9996;1;9995;25;;;10002;4;10004;1;10005;25;9999.0;380.0
-2;29800;AMETHYSTS;9998;6;9996;1;9995;30;10004;1;10005;30;;;10001.0;380.0
-2;29800;STARFRUIT;4990;31;;;;;4995;1;4997;31;;;4992.5;268.546875
-2;29900;STARFRUIT;4991;8;4990;21;;;4997;21;;;;;4994.0;274.6640625
-2;29900;AMETHYSTS;9995;21;;;;;10005;21;;;;;10000.0;380.0
-2;30000;STARFRUIT;4990;31;;;;;4997;31;;;;;4993.5;268.6171875
-2;30000;AMETHYSTS;9998;3;9996;1;9995;30;10004;1;10005;30;;;10001.0;380.0
-2;30100;STARFRUIT;4991;30;;;;;4997;30;;;;;4994.0;256.0390625
-2;30100;AMETHYSTS;9996;2;9995;28;;;10004;2;10005;28;;;10000.0;384.0
-2;30200;AMETHYSTS;9996;2;9995;20;;;10004;2;10005;20;;;10000.0;384.0
-2;30200;STARFRUIT;4991;22;;;;;4997;2;4998;20;;;4994.0;251.2421875
-2;30300;STARFRUIT;4996;1;4991;31;;;4998;31;;;;;4997.0;247.296875
-2;30300;AMETHYSTS;9996;2;9995;29;;;10002;9;10004;2;10005;29;9999.0;384.0
-2;30400;STARFRUIT;4994;5;4991;31;;;4997;2;4998;29;;;4995.5;253.984375
-2;30400;AMETHYSTS;10000;5;9996;2;9995;29;10002;8;10004;2;10005;29;10001.0;384.0
-2;30500;STARFRUIT;4991;22;;;;;4998;22;;;;;4994.5;241.7890625
-2;30500;AMETHYSTS;9998;5;9996;2;9995;20;10004;2;10005;20;;;10001.0;384.0
-2;30600;AMETHYSTS;9996;2;9995;20;;;10002;4;10004;2;10005;20;9999.0;384.0
-2;30600;STARFRUIT;4992;21;;;;;4998;2;4999;20;;;4995.0;231.109375
-2;30700;STARFRUIT;4992;30;;;;;4999;30;;;;;4995.5;235.359375
-2;30700;AMETHYSTS;9995;30;;;;;10005;30;;;;;10000.0;385.0
-2;30800;STARFRUIT;4993;3;4992;31;;;4998;1;4999;30;;;4995.5;235.734375
-2;30800;AMETHYSTS;9996;1;9995;30;;;10004;1;10005;30;;;10000.0;385.0
-2;30900;STARFRUIT;4991;30;;;;;4996;7;4998;30;;;4993.5;243.6875
-2;30900;AMETHYSTS;9996;2;9995;28;;;10002;6;10004;2;10005;28;9999.0;385.0
-2;31000;AMETHYSTS;10000;4;9996;1;9995;22;10004;1;10005;22;;;10002.0;385.0
-2;31000;STARFRUIT;4995;4;4993;7;4992;23;4998;1;4999;22;;;4996.5;232.015625
-2;31100;STARFRUIT;4992;29;;;;;4999;29;;;;;4995.5;228.8046875
-2;31100;AMETHYSTS;9996;2;9995;27;;;10004;2;10005;27;;;10000.0;385.0
-2;31200;STARFRUIT;4992;31;;;;;4999;31;;;;;4995.5;229.578125
-2;31200;AMETHYSTS;9996;2;9995;29;;;10002;6;10004;2;10005;29;9999.0;385.0
-2;31300;STARFRUIT;4992;24;;;;;4999;24;;;;;4995.5;226.3515625
-2;31300;AMETHYSTS;9996;1;9995;23;;;10004;1;10005;23;;;10000.0;385.0
-2;31400;AMETHYSTS;9995;26;;;;;9998;1;10005;26;;;9996.5;385.0
-2;31400;STARFRUIT;4992;26;;;;;4999;26;;;;;4995.5;257.3984375
-2;31500;STARFRUIT;4993;5;4992;30;;;4999;30;;;;;4996.0;258.55078125
-2;31500;AMETHYSTS;9995;30;;;;;10005;30;;;;;10000.0;387.0
-2;31600;STARFRUIT;4997;1;4992;27;;;4998;27;;;;;4997.5;262.015625
-2;31600;AMETHYSTS;9995;27;;;;;10005;27;;;;;10000.0;387.0
-2;31700;STARFRUIT;4991;24;;;;;4996;3;4998;24;;;4993.5;265.59765625
-2;31700;AMETHYSTS;9996;2;9995;22;;;10004;2;10005;22;;;10000.0;387.0
-2;31800;AMETHYSTS;10000;6;9996;1;9995;25;10004;1;10005;25;;;10002.0;387.0
-2;31800;STARFRUIT;4993;6;4991;1;4990;25;4997;26;;;;;4995.0;270.4453125
-2;31900;STARFRUIT;4991;4;4990;28;;;4997;28;;;;;4994.0;269.16796875
-2;31900;AMETHYSTS;9998;3;9995;28;;;10005;28;;;;;10001.5;387.0
-2;32000;STARFRUIT;4992;3;4991;24;;;4998;25;;;;;4995.0;262.99609375
-2;32000;AMETHYSTS;9996;1;9995;24;;;10004;1;10005;24;;;10000.0;395.0
-2;32100;STARFRUIT;4991;29;;;;;4997;1;4998;28;;;4994.0;267.73046875
-2;32100;AMETHYSTS;9996;1;9995;28;;;10004;1;10005;28;;;10000.0;395.0
-2;32200;STARFRUIT;4991;28;;;;;4997;1;4998;27;;;4994.0;267.3515625
-2;32200;AMETHYSTS;9996;1;9995;27;;;10004;1;10005;27;;;10000.0;395.0
-2;32300;STARFRUIT;4991;25;;;;;4998;25;;;;;4994.5;266.21484375
-2;32300;AMETHYSTS;9995;25;;;;;10005;25;;;;;10000.0;395.0
-2;32400;STARFRUIT;4991;30;;;;;4997;1;4998;30;;;4994.0;268.9609375
-2;32400;AMETHYSTS;9996;1;9995;30;;;10004;1;10005;30;;;10000.0;395.0
-2;32500;AMETHYSTS;9998;1;9996;1;9995;21;10004;1;10005;21;;;10001.0;395.0
-2;32500;STARFRUIT;4991;21;;;;;4996;5;4997;1;4998;21;4993.5;268.3984375
-2;32600;STARFRUIT;4990;30;;;;;4997;30;;;;;4993.5;271.45703125
-2;32600;AMETHYSTS;10002;1;9995;30;;;10005;30;;;;;10003.5;395.0
-2;32700;STARFRUIT;4991;24;;;;;4997;2;4998;22;;;4994.0;271.87109375
-2;32700;AMETHYSTS;9996;2;9995;22;;;10004;2;10005;22;;;10000.0;401.0
-2;32800;STARFRUIT;4991;2;4990;28;;;4997;30;;;;;4994.0;274.0078125
-2;32800;AMETHYSTS;9996;2;9995;28;;;10004;2;10005;28;;;10000.0;401.0
-2;32900;AMETHYSTS;9996;2;9995;27;;;10004;2;10005;27;;;10000.0;428.0
-2;32900;STARFRUIT;4991;2;4990;27;;;4997;29;;;;;4994.0;273.6484375
-2;33000;STARFRUIT;4996;1;4991;30;;;4997;2;4998;28;;;4996.5;271.20703125
-2;33000;AMETHYSTS;9996;2;9995;28;;;10004;2;10005;28;;;10000.0;428.0
-2;33100;STARFRUIT;4991;28;;;;;4996;3;4997;1;4998;28;4993.5;272.75390625
-2;33100;AMETHYSTS;9996;1;9995;28;;;10004;1;10005;28;;;10000.0;428.0
-2;33200;STARFRUIT;4990;20;;;;;4991;10;4997;21;;;4990.5;279.1796875
-2;33200;AMETHYSTS;9996;1;9995;20;;;10002;7;10004;1;10005;20;9999.0;428.0
-2;33300;AMETHYSTS;9996;1;9995;20;;;10004;1;10005;20;;;10000.0;428.0
-2;33300;STARFRUIT;4990;21;;;;;4996;1;4997;20;;;4993.0;281.0859375
-2;33400;STARFRUIT;4990;32;;;;;4997;32;;;;;4993.5;278.359375
-2;33400;AMETHYSTS;9996;2;9995;30;;;10002;3;10004;2;10005;30;9999.0;428.0
-2;33500;STARFRUIT;4990;21;;;;;4997;21;;;;;4993.5;278.671875
-2;33500;AMETHYSTS;9996;1;9995;20;;;10004;1;10005;20;;;10000.0;428.0
-2;33600;STARFRUIT;4990;27;;;;;4997;27;;;;;4993.5;280.39453125
-2;33600;AMETHYSTS;10002;6;9995;27;;;10005;27;;;;;10003.5;428.0
-2;33700;AMETHYSTS;9996;1;9995;27;;;10002;1;10004;1;10005;27;9999.0;440.0
-2;33700;STARFRUIT;4991;4;4990;28;;;4996;1;4997;27;;;4993.5;284.703125
-2;33800;STARFRUIT;4994;3;4991;5;4990;26;4996;1;4997;25;;;4995.0;284.140625
-2;33800;AMETHYSTS;9996;1;9995;25;;;10004;1;10005;25;;;10000.0;440.0
-2;33900;STARFRUIT;4990;24;;;;;4997;24;;;;;4993.5;281.25
-2;33900;AMETHYSTS;9995;24;;;;;10005;24;;;;;10000.0;440.0
-2;34000;STARFRUIT;4990;29;;;;;4995;8;4997;30;;;4992.5;281.11328125
-2;34000;AMETHYSTS;10002;1;9995;30;;;10005;30;;;;;10003.5;440.0
-2;34100;AMETHYSTS;9996;1;9995;22;;;10004;1;10005;22;;;10000.0;442.0
-2;34100;STARFRUIT;4992;2;4991;23;;;4997;1;4998;22;;;4994.5;273.53125
-2;34200;STARFRUIT;4991;23;;;;;4996;1;4998;23;;;4993.5;274.3671875
-2;34200;AMETHYSTS;9995;23;;;;;10005;23;;;;;10000.0;450.0
-2;34300;AMETHYSTS;10002;1;9996;1;9995;22;10004;1;10005;22;;;10003.0;450.0
-2;34300;STARFRUIT;4990;23;;;;;4997;23;;;;;4993.5;293.3515625
-2;34400;AMETHYSTS;9996;2;9995;23;;;10004;2;10005;23;;;10000.0;452.0
-2;34400;STARFRUIT;4991;3;4990;25;;;4996;25;;;;;4993.5;293.99609375
-2;34500;AMETHYSTS;9995;30;;;;;10005;30;;;;;10000.0;452.0
-2;34500;STARFRUIT;4990;30;;;;;4991;5;4995;1;4997;30;4990.5;293.53857421875
-2;34600;STARFRUIT;4990;28;;;;;4997;29;;;;;4993.5;305.748046875
-2;34600;AMETHYSTS;9995;29;;;;;10005;29;;;;;10000.0;452.0
-2;34700;AMETHYSTS;9998;6;9995;24;;;10005;24;;;;;10001.5;452.0
-2;34700;STARFRUIT;4990;24;;;;;4997;24;;;;;4993.5;307.35546875
-2;34800;AMETHYSTS;9996;2;9995;23;;;10004;2;10005;23;;;10000.0;452.0
-2;34800;STARFRUIT;4991;25;;;;;4997;2;4998;23;;;4994.0;308.08203125
-2;34900;AMETHYSTS;9996;1;9995;20;;;10004;1;10005;20;;;10000.0;452.0
-2;34900;STARFRUIT;4991;21;;;;;4998;21;;;;;4994.5;310.6640625
-2;35000;STARFRUIT;4997;1;4992;20;;;4999;20;;;;;4998.0;312.677734375
-2;35000;AMETHYSTS;10002;1;9995;20;;;10005;20;;;;;10003.5;452.0
-2;35100;AMETHYSTS;10002;3;9996;2;9995;29;10004;2;10005;29;;;10003.0;454.0
-2;35100;STARFRUIT;4992;31;;;;;4998;2;4999;29;;;4995.0;314.0546875
-2;35200;AMETHYSTS;9996;2;9995;28;;;10002;10;10004;2;10005;28;9999.0;460.0
-2;35200;STARFRUIT;4993;3;4992;30;;;4998;2;4999;28;;;4995.5;314.37890625
-2;35300;AMETHYSTS;9998;6;9996;1;9995;27;10004;1;10005;27;;;10001.0;460.0
-2;35300;STARFRUIT;4992;28;;;;;4993;8;4999;28;;;4992.5;315.6728515625
-2;35400;STARFRUIT;4997;1;4993;2;4992;25;4999;25;;;;;4998.0;314.1953125
-2;35400;AMETHYSTS;10002;3;9995;25;;;10005;25;;;;;10003.5;460.0
-2;35500;AMETHYSTS;9996;2;9995;26;;;10004;2;10005;26;;;10000.0;466.0
-2;35500;STARFRUIT;4992;28;;;;;4999;28;;;;;4995.5;315.9248046875
-2;35600;AMETHYSTS;9995;26;;;;;10005;26;;;;;10000.0;466.0
-2;35600;STARFRUIT;4993;26;;;;;5000;26;;;;;4996.5;317.369140625
-2;35700;AMETHYSTS;9996;2;9995;27;;;10004;2;10005;27;;;10000.0;466.0
-2;35700;STARFRUIT;4993;29;;;;;5000;29;;;;;4996.5;318.541015625
-2;35800;STARFRUIT;4993;31;;;;;4994;2;5000;31;;;4993.5;318.298828125
-2;35800;AMETHYSTS;9998;7;9996;1;9995;30;10004;1;10005;30;;;10001.0;466.0
-2;35900;AMETHYSTS;9996;2;9995;21;;;10004;2;10005;21;;;10000.0;466.0
-2;35900;STARFRUIT;4993;23;;;;;5000;23;;;;;4996.5;323.76171875
-2;36000;AMETHYSTS;9995;30;;;;;10002;5;10005;30;;;9998.5;466.0
-2;36000;STARFRUIT;4993;30;;;;;4998;3;5000;30;;;4995.5;321.53515625
-2;36100;AMETHYSTS;10002;8;9996;2;9995;24;10004;2;10005;24;;;10003.0;466.0
-2;36100;STARFRUIT;4993;26;;;;;4999;2;5000;24;;;4996.0;321.646484375
-2;36200;STARFRUIT;4993;1;4992;29;;;4999;30;;;;;4996.0;320.47265625
-2;36200;AMETHYSTS;9996;1;9995;29;;;9998;1;10004;1;10005;29;9997.0;466.0
-2;36300;AMETHYSTS;9996;1;9995;21;;;10004;1;10005;21;;;10000.0;466.0
-2;36300;STARFRUIT;4993;1;4992;21;;;4997;6;4999;22;;;4995.0;320.640625
-2;36400;AMETHYSTS;9998;1;9996;1;9995;20;10004;1;10005;20;;;10001.0;466.0
-2;36400;STARFRUIT;4998;1;4993;3;4992;21;4999;21;;;;;4998.5;319.65234375
-2;36500;AMETHYSTS;9995;25;;;;;10005;25;;;;;10000.0;466.0
-2;36500;STARFRUIT;4992;25;;;;;4994;2;4999;25;;;4993.0;317.859375
-2;36600;STARFRUIT;4993;29;;;;;5000;29;;;;;4996.5;301.0
-2;36600;AMETHYSTS;9996;1;9995;28;;;10004;1;10005;28;;;10000.0;466.0
-2;36700;STARFRUIT;4992;21;;;;;4999;21;;;;;4995.5;301.0
-2;36700;AMETHYSTS;9995;21;;;;;10005;21;;;;;10000.0;466.0
-2;36800;AMETHYSTS;9995;30;;;;;10005;30;;;;;10000.0;466.0
-2;36800;STARFRUIT;4993;30;;;;;5000;30;;;;;4996.5;301.0
-2;36900;STARFRUIT;4992;27;;;;;4999;27;;;;;4995.5;301.0
-2;36900;AMETHYSTS;9996;1;9995;26;;;10004;1;10005;26;;;10000.0;466.0
-2;37000;STARFRUIT;4991;25;;;;;4998;25;;;;;4994.5;301.0
-2;37000;AMETHYSTS;9996;2;9995;23;;;10004;2;10005;23;;;10000.0;466.0
-2;37100;STARFRUIT;4992;4;4991;23;;;4998;23;;;;;4995.0;301.0
-2;37100;AMETHYSTS;9996;2;9995;21;;;10004;2;10005;21;;;10000.0;466.0
-2;37200;AMETHYSTS;9996;1;9995;20;;;10004;1;10005;20;;;10000.0;466.0
-2;37200;STARFRUIT;4992;4;4991;21;;;4998;21;;;;;4995.0;301.0
-2;37300;STARFRUIT;4992;4;4991;28;;;4998;28;;;;;4995.0;301.0
-2;37300;AMETHYSTS;9996;1;9995;27;;;9998;10;10002;4;10004;1;9997.0;466.0
-2;37400;STARFRUIT;4990;30;;;;;4997;30;;;;;4993.5;301.0
-2;37400;AMETHYSTS;10002;1;9998;2;9995;30;10005;30;;;;;10003.5;486.0
-2;37500;STARFRUIT;4991;2;4990;25;;;4997;27;;;;;4994.0;301.0
-2;37500;AMETHYSTS;9996;2;9995;25;;;10004;2;10005;25;;;10000.0;488.0
-2;37600;AMETHYSTS;9995;22;;;;;10002;7;10005;22;;;9998.5;491.0
-2;37600;STARFRUIT;4991;22;;;;;4997;22;;;;;4994.0;302.99951171875
-2;37700;STARFRUIT;4991;24;;;;;4998;24;;;;;4994.5;303.49853515625
-2;37700;AMETHYSTS;9996;1;9995;23;;;10004;1;10005;23;;;10000.0;491.0
-2;37800;STARFRUIT;4991;24;;;;;4998;25;;;;;4994.5;303.45654296875
-2;37800;AMETHYSTS;9995;25;;;;;10005;25;;;;;10000.0;491.0
-2;37900;STARFRUIT;4991;25;;;;;4998;25;;;;;4994.5;303.666015625
-2;37900;AMETHYSTS;9995;25;;;;;10005;25;;;;;10000.0;491.0
-2;38000;AMETHYSTS;10002;1;9996;2;9995;30;10004;2;10005;30;;;10003.0;491.0
-2;38000;STARFRUIT;4991;32;;;;;4996;4;4998;32;;;4993.5;303.2763671875
-2;38100;STARFRUIT;4991;28;;;;;4997;2;4998;26;;;4994.0;303.20068359375
-2;38100;AMETHYSTS;9996;2;9995;26;;;10002;2;10004;2;10005;26;9999.0;493.0
-2;38200;STARFRUIT;4991;28;;;;;4997;1;4998;27;;;4994.0;303.02294921875
-2;38200;AMETHYSTS;9996;1;9995;27;;;10004;1;10005;27;;;10000.0;493.0
-2;38300;STARFRUIT;4991;26;;;;;4998;26;;;;;4994.5;303.3017578125
-2;38300;AMETHYSTS;9998;5;9995;26;;;10005;26;;;;;10001.5;493.0
-2;38400;AMETHYSTS;9996;1;9995;23;;;10000;6;10004;1;10005;23;9998.0;493.0
-2;38400;STARFRUIT;4991;1;4990;23;;;4993;6;4997;24;;;4992.0;302.90771484375
-2;38500;STARFRUIT;4990;21;;;;;4997;21;;;;;4993.5;302.57470703125
-2;38500;AMETHYSTS;10002;1;9995;21;;;10005;21;;;;;10003.5;493.0
-2;38600;STARFRUIT;4991;2;4990;28;;;4997;30;;;;;4994.0;302.80322265625
-2;38600;AMETHYSTS;9996;2;9995;28;;;10004;2;10005;28;;;10000.0;493.0
-2;38700;STARFRUIT;4991;20;;;;;4998;20;;;;;4994.5;306.029296875
-2;38700;AMETHYSTS;9995;20;;;;;10005;20;;;;;10000.0;496.0
-2;38800;AMETHYSTS;9996;1;9995;20;;;10002;1;10004;1;10005;20;9999.0;496.0
-2;38800;STARFRUIT;4991;21;;;;;4993;2;4996;1;4998;21;4992.0;306.33203125
-2;38900;STARFRUIT;4992;2;4991;30;;;4996;7;4998;32;;;4994.0;306.572265625
-2;38900;AMETHYSTS;9996;2;9995;30;;;10004;2;10005;30;;;10000.0;524.0
-2;39000;STARFRUIT;4991;23;;;;;4998;23;;;;;4994.5;306.294921875
-2;39000;AMETHYSTS;9995;23;;;;;10002;9;10005;23;;;9998.5;524.0
-2;39100;STARFRUIT;4992;25;;;;;4998;1;4999;24;;;4995.0;307.1591796875
-2;39100;AMETHYSTS;9998;8;9996;1;9995;24;10004;1;10005;24;;;10001.0;524.0
-2;39200;AMETHYSTS;9996;1;9995;29;;;10004;1;10005;29;;;10000.0;524.0
-2;39200;STARFRUIT;4992;30;;;;;4997;2;4999;30;;;4994.5;307.587890625
-2;39300;STARFRUIT;4992;27;;;;;4999;27;;;;;4995.5;308.9658203125
-2;39300;AMETHYSTS;9995;27;;;;;10005;27;;;;;10000.0;524.0
-2;39400;STARFRUIT;4993;31;;;;;4998;5;4999;1;5000;30;4995.5;309.2275390625
-2;39400;AMETHYSTS;9996;1;9995;30;;;10004;1;10005;30;;;10000.0;524.0
-2;39500;STARFRUIT;4992;27;;;;;4997;3;4999;27;;;4994.5;309.7353515625
-2;39500;AMETHYSTS;9995;27;;;;;9998;1;10002;2;10005;27;9996.5;524.0
-2;39600;AMETHYSTS;9995;23;;;;;10005;23;;;;;10000.0;526.0
-2;39600;STARFRUIT;4997;4;4992;23;;;4999;23;;;;;4998.0;309.5078125
-2;39700;STARFRUIT;4993;4;4992;24;;;4998;2;4999;22;;;4995.5;309.11376953125
-2;39700;AMETHYSTS;9996;2;9995;22;;;10004;2;10005;22;;;10000.0;526.0
-2;39800;STARFRUIT;4991;28;;;;;4998;28;;;;;4994.5;308.615234375
-2;39800;AMETHYSTS;9996;1;9995;27;;;10004;1;10005;27;;;10000.0;526.0
-2;39900;STARFRUIT;4992;31;;;;;4998;1;4999;30;;;4995.0;309.11767578125
-2;39900;AMETHYSTS;9996;1;9995;30;;;10002;4;10004;1;10005;30;9999.0;526.0
-2;40000;AMETHYSTS;9995;22;;;;;10005;22;;;;;10000.0;526.0
-2;40000;STARFRUIT;4992;22;;;;;4999;22;;;;;4995.5;309.43798828125
-2;40100;STARFRUIT;4992;2;4991;29;;;4998;31;;;;;4995.0;308.9443359375
-2;40100;AMETHYSTS;9996;2;9995;29;;;10002;8;10004;2;10005;29;9999.0;526.0
-2;40200;STARFRUIT;4992;29;;;;;4999;29;;;;;4995.5;309.65234375
-2;40200;AMETHYSTS;9996;1;9995;28;;;10004;1;10005;28;;;10000.0;526.0
-2;40300;STARFRUIT;4992;22;;;;;4999;22;;;;;4995.5;309.7490234375
-2;40300;AMETHYSTS;9995;22;;;;;9998;1;10005;22;;;9996.5;526.0
-2;40400;AMETHYSTS;9996;1;9995;23;;;10004;1;10005;23;;;10000.0;528.0
-2;40400;STARFRUIT;4992;24;;;;;4999;24;;;;;4995.5;309.3671875
-2;40500;STARFRUIT;4992;29;;;;;4993;1;4999;29;;;4992.5;309.52001953125
-2;40500;AMETHYSTS;10002;1;9996;2;9995;27;10004;2;10005;27;;;10003.0;528.0
-2;40600;STARFRUIT;4993;4;4992;26;;;4999;26;;;;;4996.0;309.49169921875
-2;40600;AMETHYSTS;9996;2;9995;24;;;10004;2;10005;24;;;10000.0;528.0
-2;40700;STARFRUIT;4992;22;;;;;4998;2;4999;20;;;4995.0;309.18359375
-2;40700;AMETHYSTS;9998;7;9996;2;9995;20;10004;2;10005;20;;;10001.0;528.0
-2;40800;AMETHYSTS;9995;27;;;;;10005;27;;;;;10000.0;528.0
-2;40800;STARFRUIT;4991;27;;;;;4998;27;;;;;4994.5;308.40966796875
-2;40900;STARFRUIT;4991;28;;;;;4998;28;;;;;4994.5;308.42333984375
-2;40900;AMETHYSTS;9998;10;9996;2;9995;26;10004;2;10005;26;;;10001.0;528.0
-2;41000;STARFRUIT;4991;21;;;;;4992;1;4996;3;4998;21;4991.5;311.0771484375
-2;41000;AMETHYSTS;9995;21;;;;;10002;10;10005;21;;;9998.5;562.0
-2;41100;AMETHYSTS;9995;27;;;;;10005;27;;;;;10000.0;562.0
-2;41100;STARFRUIT;4990;27;;;;;4991;1;4992;2;4997;27;4990.5;310.53515625
-2;41200;STARFRUIT;4990;29;;;;;4997;29;;;;;4993.5;313.92578125
-2;41200;AMETHYSTS;9995;29;;;;;10005;29;;;;;10000.0;562.0
-2;41300;STARFRUIT;4991;1;4990;24;;;4995;4;4997;25;;;4993.0;314.90625
-2;41300;AMETHYSTS;9998;2;9996;1;9995;24;10004;1;10005;24;;;10001.0;562.0
-2;41400;STARFRUIT;4991;2;4990;23;;;4993;4;4995;5;4997;25;4992.0;314.154296875
-2;41400;AMETHYSTS;9998;5;9996;2;9995;23;10000;4;10004;2;10005;23;9999.0;562.0
-2;41500;AMETHYSTS;9998;8;9996;2;9995;20;10004;2;10005;20;;;10001.0;562.0
-2;41500;STARFRUIT;4991;2;4990;20;;;4995;1;4997;22;;;4993.0;314.330078125
-2;41600;STARFRUIT;4990;23;;;;;4995;7;4997;23;;;4992.5;313.880859375
-2;41600;AMETHYSTS;9996;1;9995;22;;;10004;1;10005;22;;;10000.0;562.0
-2;41700;STARFRUIT;4993;4;4990;21;;;4997;21;;;;;4995.0;312.544921875
-2;41700;AMETHYSTS;10000;5;9995;21;;;10005;21;;;;;10002.5;562.0
-2;41800;STARFRUIT;4990;24;;;;;4996;2;4997;22;;;4993.0;311.96875
-2;41800;AMETHYSTS;9996;2;9995;22;;;10004;2;10005;22;;;10000.0;562.0
-2;41900;AMETHYSTS;9996;1;9995;21;;;9998;4;10004;1;10005;21;9997.0;562.0
-2;41900;STARFRUIT;4991;1;4990;21;;;4995;1;4997;22;;;4993.0;314.1171875
-2;42000;STARFRUIT;4990;31;;;;;4995;5;4996;2;4997;30;4992.5;311.8046875
-2;42000;AMETHYSTS;9996;2;9995;30;;;10004;2;10005;30;;;10000.0;570.0
-2;42100;STARFRUIT;4990;23;;;;;4997;23;;;;;4993.5;319.23046875
-2;42100;AMETHYSTS;9998;8;9996;2;9995;21;10004;2;10005;21;;;10001.0;570.0
-2;42200;STARFRUIT;4990;28;;;;;4997;28;;;;;4993.5;318.796875
-2;42200;AMETHYSTS;10002;1;9995;28;;;10005;28;;;;;10003.5;570.0
-2;42300;AMETHYSTS;9995;20;;;;;10005;20;;;;;10000.0;572.0
-2;42300;STARFRUIT;4990;20;;;;;4991;7;4995;2;4997;20;4990.5;320.490234375
-2;42400;STARFRUIT;4990;1;4989;29;;;4996;31;;;;;4993.0;334.90869140625
-2;42400;AMETHYSTS;9996;2;9995;29;;;10004;2;10005;29;;;10000.0;572.0
-2;42500;STARFRUIT;4989;24;;;;;4996;24;;;;;4992.5;334.35107421875
-2;42500;AMETHYSTS;9995;24;;;;;10002;3;10005;24;;;9998.5;572.0
-2;42600;STARFRUIT;4989;26;;;;;4996;26;;;;;4992.5;336.0224609375
-2;42600;AMETHYSTS;9995;26;;;;;10005;26;;;;;10000.0;588.0
-2;42700;AMETHYSTS;9995;26;;;;;10005;26;;;;;10000.0;596.0
-2;42700;STARFRUIT;4989;26;;;;;4996;26;;;;;4992.5;340.06640625
-2;42800;STARFRUIT;4989;30;;;;;4996;30;;;;;4992.5;340.58203125
-2;42800;AMETHYSTS;9995;30;;;;;10005;30;;;;;10000.0;596.0
-2;42900;STARFRUIT;4988;25;;;;;4995;25;;;;;4991.5;339.150390625
-2;42900;AMETHYSTS;9995;25;;;;;10005;25;;;;;10000.0;596.0
-2;43000;STARFRUIT;4991;2;4990;23;;;4996;23;;;;;4993.5;346.0048828125
-2;43000;AMETHYSTS;9995;23;;;;;10005;23;;;;;10000.0;604.0
-2;43100;AMETHYSTS;9995;21;;;;;10005;21;;;;;10000.0;604.0
-2;43100;STARFRUIT;4989;21;;;;;4996;21;;;;;4992.5;345.5498046875
-2;43200;STARFRUIT;4990;1;4989;20;;;4996;21;;;;;4993.0;345.6494140625
-2;43200;AMETHYSTS;9996;1;9995;20;;;10004;1;10005;20;;;10000.0;604.0
-2;43300;AMETHYSTS;9996;1;9995;24;;;10004;1;10005;24;;;10000.0;604.0
-2;43300;STARFRUIT;4989;25;;;;;4994;2;4996;25;;;4991.5;345.4638671875
-2;43400;AMETHYSTS;9996;2;9995;22;;;10004;2;10005;22;;;10000.0;604.0
-2;43400;STARFRUIT;4994;4;4989;24;;;4996;24;;;;;4995.0;345.14453125
-2;43500;AMETHYSTS;9998;7;9995;23;;;10005;23;;;;;10001.5;604.0
-2;43500;STARFRUIT;4990;22;;;;;4995;7;4997;23;;;4992.5;346.177734375
-2;43600;STARFRUIT;4990;5;4989;21;;;4996;23;;;;;4993.0;345.7958984375
-2;43600;AMETHYSTS;9996;2;9995;21;;;10002;9;10004;2;10005;21;9999.0;604.0
-2;43700;AMETHYSTS;9996;1;9995;23;;;10004;1;10005;23;;;10000.0;604.0
-2;43700;STARFRUIT;4990;24;;;;;4997;24;;;;;4993.5;346.85546875
-2;43800;AMETHYSTS;9996;2;9995;26;;;10004;2;10005;26;;;10000.0;604.0
-2;43800;STARFRUIT;4991;9;4990;26;;;4997;28;;;;;4994.0;347.7626953125
-2;43900;AMETHYSTS;10002;4;9998;2;9996;1;10004;1;10005;29;;;10003.0;604.0
-2;43900;STARFRUIT;4991;6;4990;30;;;4997;30;;;;;4994.0;346.9287109375
-2;44000;STARFRUIT;4991;2;4990;20;;;4995;3;4997;22;;;4993.0;347.751953125
-2;44000;AMETHYSTS;9996;2;9995;20;;;10004;2;10005;20;;;10000.0;612.0
-2;44100;AMETHYSTS;9995;24;;;;;9998;1;10002;2;10005;24;9996.5;612.0
-2;44100;STARFRUIT;4990;24;;;;;4997;24;;;;;4993.5;347.232421875
-2;44200;AMETHYSTS;9995;21;;;;;10005;21;;;;;10000.0;614.0
-2;44200;STARFRUIT;4991;21;;;;;4998;21;;;;;4994.5;349.408203125
-2;44300;AMETHYSTS;9995;27;;;;;10005;27;;;;;10000.0;614.0
-2;44300;STARFRUIT;4991;27;;;;;4998;27;;;;;4994.5;349.099609375
-2;44400;STARFRUIT;4991;28;;;;;4998;28;;;;;4994.5;348.349609375
-2;44400;AMETHYSTS;9998;7;9995;28;;;10005;28;;;;;10001.5;614.0
-2;44500;AMETHYSTS;9995;21;;;;;10005;21;;;;;10000.0;614.0
-2;44500;STARFRUIT;4995;1;4991;2;4990;21;4997;21;;;;;4996.0;346.8271484375
-2;44600;AMETHYSTS;9996;1;9995;23;;;10004;1;10005;23;;;10000.0;614.0
-2;44600;STARFRUIT;4990;1;4989;23;;;4996;24;;;;;4993.0;345.796875
-2;44700;AMETHYSTS;9995;29;;;;;10002;10;10005;29;;;9998.5;614.0
-2;44700;STARFRUIT;4989;29;;;;;4996;29;;;;;4992.5;345.3330078125
-2;44800;STARFRUIT;4989;29;;;;;4996;29;;;;;4992.5;344.537109375
-2;44800;AMETHYSTS;9995;29;;;;;9998;1;10002;10;10005;29;9996.5;614.0
-2;44900;AMETHYSTS;9996;1;9995;25;;;10004;1;10005;25;;;10000.0;614.0
-2;44900;STARFRUIT;4989;2;4988;25;;;4995;26;;;;;4992.0;343.55859375
-2;45000;AMETHYSTS;10002;1;9996;2;9995;24;10004;2;10005;24;;;10003.0;614.0
-2;45000;STARFRUIT;4988;26;;;;;4995;26;;;;;4991.5;343.0029296875
-2;45100;AMETHYSTS;9996;1;9995;26;;;10004;1;10005;26;;;10000.0;614.0
-2;45100;STARFRUIT;4988;27;;;;;4993;5;4995;27;;;4990.5;342.837890625
-2;45200;STARFRUIT;4989;1;4988;28;;;4993;6;4995;29;;;4991.0;343.9892578125
-2;45200;AMETHYSTS;9996;1;9995;28;;;10004;1;10005;28;;;10000.0;614.0
-2;45300;AMETHYSTS;9995;22;;;;;10005;22;;;;;10000.0;614.0
-2;45300;STARFRUIT;4989;4;4988;22;;;4995;22;;;;;4992.0;342.6318359375
-2;45400;AMETHYSTS;9996;2;9995;21;;;9998;1;10004;2;10005;21;9997.0;614.0
-2;45400;STARFRUIT;4988;22;;;;;4993;2;4994;2;4995;21;4990.5;342.1923828125
-2;45500;STARFRUIT;4987;25;;;;;4990;3;4994;25;;;4988.5;341.431640625
-2;45500;AMETHYSTS;9996;1;9995;24;;;10000;3;10004;1;10005;24;9998.0;614.0
-2;45600;STARFRUIT;4988;7;4987;26;;;4994;26;;;;;4991.0;340.224609375
-2;45600;AMETHYSTS;9995;26;;;;;10002;5;10005;26;;;9998.5;614.0
-2;45700;STARFRUIT;4986;24;;;;;4993;24;;;;;4989.5;339.216796875
-2;45700;AMETHYSTS;9995;24;;;;;10005;24;;;;;10000.0;614.0
-2;45800;AMETHYSTS;9996;1;9995;27;;;10004;1;10005;27;;;10000.0;614.0
-2;45800;STARFRUIT;4986;27;;;;;4992;1;4993;27;;;4989.0;338.4951171875
-2;45900;STARFRUIT;4987;4;4986;31;;;4993;31;;;;;4990.0;339.0634765625
-2;45900;AMETHYSTS;9996;1;9995;30;;;10004;1;10005;30;;;10000.0;614.0
-2;46000;STARFRUIT;4986;26;;;;;4993;26;;;;;4989.5;344.0
-2;46000;AMETHYSTS;9996;2;9995;24;;;10004;2;10005;24;;;10000.0;618.0
-2;46100;STARFRUIT;4986;25;;;;;4992;2;4993;23;;;4989.0;344.0
-2;46100;AMETHYSTS;9998;6;9996;2;9995;23;10004;2;10005;23;;;10001.0;618.0
-2;46200;AMETHYSTS;9998;2;9996;1;9995;27;10004;1;10005;27;;;10001.0;618.0
-2;46200;STARFRUIT;4986;28;;;;;4993;28;;;;;4989.5;344.0
-2;46300;STARFRUIT;4986;29;;;;;4993;29;;;;;4989.5;344.0
-2;46300;AMETHYSTS;9996;2;9995;27;;;10004;2;10005;27;;;10000.0;618.0
-2;46400;STARFRUIT;4986;22;;;;;4993;22;;;;;4989.5;344.0
-2;46400;AMETHYSTS;9995;22;;;;;10005;22;;;;;10000.0;618.0
-2;46500;STARFRUIT;4989;6;4986;31;;;4993;31;;;;;4991.0;344.0
-2;46500;AMETHYSTS;10000;6;9996;1;9995;30;10004;1;10005;30;;;10002.0;618.0
-2;46600;AMETHYSTS;9998;10;9996;1;9995;27;10004;1;10005;27;;;10001.0;618.0
-2;46600;STARFRUIT;4987;3;4986;28;;;4993;28;;;;;4990.0;344.0
-2;46700;STARFRUIT;4986;26;;;;;4993;26;;;;;4989.5;347.146484375
-2;46700;AMETHYSTS;9995;26;;;;;10005;26;;;;;10000.0;620.0
-2;46800;STARFRUIT;4987;1;4986;21;;;4993;22;;;;;4990.0;347.515625
-2;46800;AMETHYSTS;9996;1;9995;21;;;10004;1;10005;21;;;10000.0;620.0
-2;46900;STARFRUIT;4992;1;4986;32;;;4993;32;;;;;4992.5;347.1865234375
-2;46900;AMETHYSTS;9996;2;9995;30;;;10004;2;10005;30;;;10000.0;620.0
-2;47000;AMETHYSTS;9996;1;9995;20;;;10004;1;10005;20;;;10000.0;620.0
-2;47000;STARFRUIT;4986;21;;;;;4992;1;4993;20;;;4989.0;346.21484375
-2;47100;STARFRUIT;4986;26;;;;;4988;4;4993;26;;;4987.0;347.421875
-2;47100;AMETHYSTS;9996;2;9995;24;;;9998;1;10004;2;10005;24;9997.0;620.0
-2;47200;STARFRUIT;4987;2;4986;28;;;4993;30;;;;;4990.0;332.546875
-2;47200;AMETHYSTS;10002;1;9996;2;9995;28;10004;2;10005;28;;;10003.0;622.0
-2;47300;STARFRUIT;4987;25;;;;;4992;1;4994;25;;;4989.5;310.7109375
-2;47300;AMETHYSTS;10002;1;9998;3;9995;25;10005;25;;;;;10003.5;624.0
-2;47400;AMETHYSTS;9995;24;;;;;10002;9;10005;24;;;9998.5;626.0
-2;47400;STARFRUIT;4988;1;4987;24;;;4994;24;;;;;4991.0;315.40625
-2;47500;STARFRUIT;4988;30;;;;;4993;6;4995;30;;;4990.5;309.3125
-2;47500;AMETHYSTS;9995;30;;;;;10002;1;10005;30;;;9998.5;626.0
-2;47600;STARFRUIT;4988;1;4987;27;;;4994;28;;;;;4991.0;312.4375
-2;47600;AMETHYSTS;9996;1;9995;27;;;10004;1;10005;27;;;10000.0;626.0
-2;47700;STARFRUIT;4988;1;4987;22;;;4994;23;;;;;4991.0;310.640625
-2;47700;AMETHYSTS;9996;1;9995;22;;;10002;8;10004;1;10005;22;9999.0;626.0
-2;47800;AMETHYSTS;9996;1;9995;22;;;10002;8;10004;1;10005;22;9999.0;626.0
-2;47800;STARFRUIT;4988;23;;;;;4995;23;;;;;4991.5;304.6796875
-2;47900;STARFRUIT;4987;27;;;;;4994;27;;;;;4990.5;310.421875
-2;47900;AMETHYSTS;10002;1;9995;27;;;10005;27;;;;;10003.5;626.0
-2;48000;STARFRUIT;4987;27;;;;;4994;27;;;;;4990.5;311.1484375
-2;48000;AMETHYSTS;9995;27;;;;;10005;27;;;;;10000.0;626.0
-2;48100;STARFRUIT;4989;1;4988;21;;;4994;21;;;;;4991.5;310.015625
-2;48100;AMETHYSTS;9995;21;;;;;10002;9;10005;21;;;9998.5;626.0
-2;48200;AMETHYSTS;9998;5;9995;25;;;10005;25;;;;;10001.5;634.0
-2;48200;STARFRUIT;4988;25;;;;;4995;25;;;;;4991.5;311.2578125
-2;48300;STARFRUIT;4988;29;;;;;4991;5;4995;29;;;4989.5;307.2421875
-2;48300;AMETHYSTS;9996;1;9995;28;;;9998;1;10000;5;10004;1;9997.0;634.0
-2;48400;STARFRUIT;4989;1;4988;27;;;4995;27;;;;;4992.0;300.3203125
-2;48400;AMETHYSTS;9995;27;;;;;10002;7;10005;27;;;9998.5;634.0
-2;48500;STARFRUIT;4990;1;4989;29;;;4996;29;;;;;4993.0;294.703125
-2;48500;AMETHYSTS;9995;29;;;;;9998;1;10005;29;;;9996.5;634.0
-2;48600;AMETHYSTS;9996;1;9995;28;;;10004;1;10005;28;;;10000.0;634.0
-2;48600;STARFRUIT;4990;1;4989;29;;;4995;1;4996;28;;;4992.5;292.9296875
-2;48700;STARFRUIT;4989;1;4988;22;;;4995;23;;;;;4992.0;295.296875
-2;48700;AMETHYSTS;9996;1;9995;22;;;10004;1;10005;22;;;10000.0;634.0
-2;48800;STARFRUIT;4989;5;4988;24;;;4995;24;;;;;4992.0;302.9453125
-2;48800;AMETHYSTS;9996;1;9995;23;;;10004;1;10005;23;;;10000.0;634.0
-2;48900;STARFRUIT;4989;7;4988;27;;;4995;27;;;;;4992.0;307.9296875
-2;48900;AMETHYSTS;9995;27;;;;;10005;27;;;;;10000.0;634.0
-2;49000;AMETHYSTS;9996;2;9995;30;;;10004;2;10005;30;;;10000.0;634.0
-2;49000;STARFRUIT;4989;7;4988;32;;;4994;2;4995;30;;;4991.5;311.515625
-2;49100;STARFRUIT;4989;8;4988;32;;;4995;32;;;;;4992.0;306.921875
-2;49100;AMETHYSTS;9996;2;9995;30;;;10004;2;10005;30;;;10000.0;634.0
-2;49200;STARFRUIT;4988;21;;;;;4994;1;4995;20;;;4991.0;309.390625
-2;49200;AMETHYSTS;9996;1;9995;20;;;10004;1;10005;20;;;10000.0;634.0
-2;49300;STARFRUIT;4987;22;;;;;4988;1;4994;22;;;4987.5;327.828125
-2;49300;AMETHYSTS;9998;9;9996;1;9995;21;10004;1;10005;21;;;10001.0;634.0
-2;49400;AMETHYSTS;9995;20;;;;;10005;20;;;;;10000.0;634.0
-2;49400;STARFRUIT;4992;14;4987;20;;;4994;20;;;;;4993.0;322.8671875
-2;49500;STARFRUIT;4988;8;4987;32;;;4994;32;;;;;4991.0;329.265625
-2;49500;AMETHYSTS;9996;2;9995;30;;;10004;2;10005;30;;;10000.0;634.0
-2;49600;STARFRUIT;4992;1;4987;24;;;4994;24;;;;;4993.0;335.375
-2;49600;AMETHYSTS;9995;24;;;;;10005;24;;;;;10000.0;634.0
-2;49700;STARFRUIT;4987;28;;;;;4993;2;4994;26;;;4990.0;337.1875
-2;49700;AMETHYSTS;9998;7;9996;2;9995;26;10004;2;10005;26;;;10001.0;634.0
-2;49800;AMETHYSTS;9996;2;9995;23;;;10004;2;10005;23;;;10000.0;634.0
-2;49800;STARFRUIT;4987;25;;;;;4988;5;4994;25;;;4987.5;333.4375
-2;49900;STARFRUIT;4986;23;;;;;4993;23;;;;;4989.5;352.6484375
-2;49900;AMETHYSTS;9998;3;9995;23;;;10005;23;;;;;10001.5;634.0
-2;50000;STARFRUIT;4986;1;4985;20;;;4992;21;;;;;4989.0;361.578125
-2;50000;AMETHYSTS;9996;1;9995;20;;;10004;1;10005;20;;;10000.0;642.0
-2;50100;AMETHYSTS;9995;24;;;;;10005;24;;;;;10000.0;642.0
-2;50100;STARFRUIT;4986;24;;;;;4991;2;4993;24;;;4988.5;360.203125
-2;50200;STARFRUIT;4985;24;;;;;4992;24;;;;;4988.5;363.109375
-2;50200;AMETHYSTS;9995;24;;;;;10005;24;;;;;10000.0;642.0
-2;50300;STARFRUIT;4985;30;;;;;4992;30;;;;;4988.5;370.0
-2;50300;AMETHYSTS;9995;30;;;;;10002;10;10005;30;;;9998.5;642.0
-2;50400;STARFRUIT;4985;23;;;;;4988;2;4990;1;4992;23;4986.5;374.3203125
-2;50400;AMETHYSTS;9998;4;9996;1;9995;22;10000;2;10004;1;10005;22;9999.0;642.0
-2;50500;AMETHYSTS;9996;2;9995;23;;;10004;2;10005;23;;;10000.0;642.0
-2;50500;STARFRUIT;4986;2;4985;23;;;4992;25;;;;;4989.0;363.328125
-2;50600;STARFRUIT;4985;23;;;;;4986;8;4992;23;;;4985.5;366.96875
-2;50600;AMETHYSTS;10002;1;9996;2;9995;21;10004;2;10005;21;;;10003.0;642.0
-2;50700;STARFRUIT;4986;2;4985;22;;;4992;24;;;;;4989.0;361.3125
-2;50700;AMETHYSTS;9996;2;9995;22;;;10004;2;10005;22;;;10000.0;642.0
-2;50800;STARFRUIT;4991;1;4986;24;;;4993;24;;;;;4992.0;355.03125
-2;50800;AMETHYSTS;10002;5;9996;2;9995;22;10004;2;10005;22;;;10003.0;642.0
-2;50900;AMETHYSTS;9996;1;9995;27;;;10004;1;10005;27;;;10000.0;652.0
-2;50900;STARFRUIT;4986;28;;;;;4991;4;4992;1;4993;27;4988.5;358.625
-2;51000;STARFRUIT;4986;28;;;;;4993;28;;;;;4989.5;355.125
-2;51000;AMETHYSTS;9996;2;9995;26;;;10004;2;10005;26;;;10000.0;652.0
-2;51100;STARFRUIT;4986;26;;;;;4992;1;4993;25;;;4989.0;358.71875
-2;51100;AMETHYSTS;9998;6;9996;1;9995;25;10004;1;10005;25;;;10001.0;652.0
-2;51200;STARFRUIT;4986;2;4985;28;;;4992;30;;;;;4989.0;363.5859375
-2;51200;AMETHYSTS;9996;2;9995;28;;;10004;2;10005;28;;;10000.0;652.0
-2;51300;AMETHYSTS;9996;1;9995;24;;;10004;1;10005;24;;;10000.0;652.0
-2;51300;STARFRUIT;4985;25;;;;;4992;25;;;;;4988.5;372.5546875
-2;51400;STARFRUIT;4985;30;;;;;4992;30;;;;;4988.5;401.61328125
-2;51400;AMETHYSTS;9995;30;;;;;10002;3;10005;30;;;9998.5;652.0
-2;51500;STARFRUIT;4991;1;4985;30;;;4992;30;;;;;4991.5;402.7265625
-2;51500;AMETHYSTS;9995;30;;;;;10005;30;;;;;10000.0;652.0
-2;51600;STARFRUIT;4988;5;4985;24;;;4992;24;;;;;4990.0;404.26953125
-2;51600;AMETHYSTS;10000;5;9996;2;9995;22;10002;1;10004;2;10005;22;10001.0;652.0
-2;51700;AMETHYSTS;9995;20;;;;;10005;20;;;;;10000.0;652.0
-2;51700;STARFRUIT;4984;20;;;;;4986;4;4991;20;;;4985.0;407.41015625
-2;51800;STARFRUIT;4985;25;;;;;4992;25;;;;;4988.5;380.8125
-2;51800;AMETHYSTS;9996;1;9995;24;;;10004;1;10005;24;;;10000.0;696.0
-2;51900;STARFRUIT;4990;4;4986;1;4985;23;4992;24;;;;;4991.0;374.9296875
-2;51900;AMETHYSTS;9996;1;9995;23;;;10004;1;10005;23;;;10000.0;696.0
-2;52000;STARFRUIT;4985;29;;;;;4990;6;4992;29;;;4987.5;376.0
-2;52000;AMETHYSTS;9998;3;9995;29;;;10005;29;;;;;10001.5;712.0
-2;52100;AMETHYSTS;9995;21;;;;;10005;21;;;;;10000.0;712.0
-2;52100;STARFRUIT;4985;21;;;;;4992;21;;;;;4988.5;381.5390625
-2;52200;STARFRUIT;4985;31;;;;;4991;2;4992;29;;;4988.0;393.71875
-2;52200;AMETHYSTS;9996;2;9995;29;;;10004;2;10005;29;;;10000.0;744.0
-2;52300;AMETHYSTS;10002;1;9996;1;9995;27;10004;1;10005;27;;;10003.0;744.0
-2;52300;STARFRUIT;4990;1;4985;28;;;4991;1;4992;27;;;4990.5;391.4140625
-2;52400;AMETHYSTS;9998;3;9996;1;9995;29;10004;1;10005;29;;;10001.0;746.0
-2;52400;STARFRUIT;4985;30;;;;;4991;1;4992;29;;;4988.0;389.140625
-2;52500;AMETHYSTS;9996;1;9995;27;;;9998;1;10004;1;10005;27;9997.0;746.0
-2;52500;STARFRUIT;4990;1;4984;28;;;4991;28;;;;;4990.5;400.34375
-2;52600;STARFRUIT;4985;23;;;;;4988;4;4991;1;4992;22;4986.5;391.125
-2;52600;AMETHYSTS;9998;1;9996;1;9995;22;10000;4;10004;1;10005;22;9999.0;748.0
-2;52700;AMETHYSTS;9996;2;9995;25;;;10004;2;10005;25;;;10000.0;748.0
-2;52700;STARFRUIT;4985;26;;;;;4992;27;;;;;4988.5;384.9765625
-2;52800;AMETHYSTS;9995;26;;;;;10005;26;;;;;10000.0;748.0
-2;52800;STARFRUIT;4985;26;;;;;4992;26;;;;;4988.5;392.640625
-2;52900;AMETHYSTS;9995;30;;;;;10005;30;;;;;10000.0;748.0
-2;52900;STARFRUIT;4984;30;;;;;4991;30;;;;;4987.5;397.078125
-2;53000;STARFRUIT;4984;21;;;;;4991;21;;;;;4987.5;400.4921875
-2;53000;AMETHYSTS;10002;1;9996;1;9995;20;10004;1;10005;20;;;10003.0;772.0
-2;53100;AMETHYSTS;9995;24;;;;;10005;24;;;;;10000.0;774.0
-2;53100;STARFRUIT;4984;24;;;;;4991;24;;;;;4987.5;399.234375
-2;53200;AMETHYSTS;9996;1;9995;30;;;10004;1;10005;30;;;10000.0;774.0
-2;53200;STARFRUIT;4990;1;4984;31;;;4991;31;;;;;4990.5;400.40625
-2;53300;AMETHYSTS;9995;29;;;;;10005;29;;;;;10000.0;774.0
-2;53300;STARFRUIT;4984;29;;;;;4991;29;;;;;4987.5;413.4453125
-2;53400;STARFRUIT;4984;25;;;;;4991;25;;;;;4987.5;401.7421875
-2;53400;AMETHYSTS;9998;6;9996;2;9995;23;10004;2;10005;23;;;10001.0;774.0
-2;53500;AMETHYSTS;9996;2;9995;21;;;10002;1;10004;2;10005;21;9999.0;774.0
-2;53500;STARFRUIT;4984;23;;;;;4991;23;;;;;4987.5;399.2421875
-2;53600;AMETHYSTS;9995;24;;;;;9998;9;10005;24;;;9996.5;774.0
-2;53600;STARFRUIT;4985;24;;;;;4992;24;;;;;4988.5;389.2421875
-2;53700;AMETHYSTS;9998;1;9995;30;;;10005;30;;;;;10001.5;792.0
-2;53700;STARFRUIT;4985;30;;;;;4992;30;;;;;4988.5;379.28125
-2;53800;STARFRUIT;4985;30;;;;;4992;30;;;;;4988.5;380.953125
-2;53800;AMETHYSTS;10002;3;9995;30;;;10005;30;;;;;10003.5;792.0
-2;53900;AMETHYSTS;9996;2;9995;25;;;10004;2;10005;25;;;10000.0;792.0
-2;53900;STARFRUIT;4986;2;4985;25;;;4992;27;;;;;4989.0;378.25
-2;54000;AMETHYSTS;9998;6;9996;1;9995;30;10004;1;10005;30;;;10001.0;798.0
-2;54000;STARFRUIT;4986;31;;;;;4991;1;4992;1;4993;30;4988.5;372.40625
-2;54100;AMETHYSTS;9998;2;9996;2;9995;22;10004;2;10005;22;;;10001.0;798.0
-2;54100;STARFRUIT;4986;24;;;;;4991;2;4993;24;;;4988.5;366.3046875
-2;54200;STARFRUIT;4986;28;;;;;4993;28;;;;;4989.5;369.9453125
-2;54200;AMETHYSTS;9995;28;;;;;10005;28;;;;;10000.0;799.0
-2;54300;AMETHYSTS;9996;2;9995;23;;;10004;2;10005;23;;;10000.0;799.0
-2;54300;STARFRUIT;4991;1;4986;25;;;4992;2;4993;23;;;4991.5;374.625
-2;54400;AMETHYSTS;9995;29;;;;;10005;29;;;;;10000.0;811.0
-2;54400;STARFRUIT;4986;29;;;;;4993;29;;;;;4989.5;374.375
-2;54500;STARFRUIT;4986;1;4985;20;;;4992;21;;;;;4989.0;380.4453125
-2;54500;AMETHYSTS;9996;1;9995;20;;;10004;1;10005;20;;;10000.0;811.0
-2;54600;STARFRUIT;4985;27;;;;;4992;27;;;;;4988.5;384.65625
-2;54600;AMETHYSTS;10002;3;9995;27;;;10005;27;;;;;10003.5;811.0
-2;54700;STARFRUIT;4984;29;;;;;4986;4;4991;29;;;4985.0;400.0
-2;54700;AMETHYSTS;9996;2;9995;27;;;10004;2;10005;27;;;10000.0;811.0
-2;54800;AMETHYSTS;9998;8;9995;27;;;10005;27;;;;;10001.5;811.0
-2;54800;STARFRUIT;4984;27;;;;;4989;1;4991;27;;;4986.5;401.15625
-2;54900;STARFRUIT;4984;29;;;;;4991;29;;;;;4987.5;408.515625
-2;54900;AMETHYSTS;9996;1;9995;28;;;10002;3;10004;1;10005;28;9999.0;811.0
-2;55000;STARFRUIT;4985;6;4984;30;;;4990;2;4991;28;;;4987.5;412.5
-2;55000;AMETHYSTS;9996;2;9995;28;;;10002;8;10004;2;10005;28;9999.0;811.0
-2;55100;STARFRUIT;4985;8;4984;29;;;4991;29;;;;;4988.0;412.8984375
-2;55100;AMETHYSTS;9995;29;;;;;10005;29;;;;;10000.0;811.0
-2;55200;AMETHYSTS;9996;2;9995;21;;;10004;2;10005;21;;;10000.0;819.0
-2;55200;STARFRUIT;4984;23;;;;;4985;5;4989;8;4990;2;4984.5;416.1875
-2;55300;STARFRUIT;4985;2;4984;27;;;4991;29;;;;;4988.0;401.1875
-2;55300;AMETHYSTS;9996;2;9995;27;;;9998;1;10002;2;10004;2;9997.0;819.0
-2;55400;STARFRUIT;4986;2;4985;22;;;4991;1;4992;21;;;4988.5;399.578125
-2;55400;AMETHYSTS;9998;3;9996;1;9995;21;10004;1;10005;21;;;10001.0;821.0
-2;55500;STARFRUIT;4990;1;4985;4;4984;25;4991;25;;;;;4990.5;410.828125
-2;55500;AMETHYSTS;9995;25;;;;;10002;9;10005;25;;;9998.5;821.0
-2;55600;AMETHYSTS;9995;26;;;;;10005;26;;;;;10000.0;821.0
-2;55600;STARFRUIT;4985;3;4984;26;;;4991;26;;;;;4988.0;409.8125
-2;55700;STARFRUIT;4985;2;4984;23;;;4991;23;;;;;4988.0;414.5546875
-2;55700;AMETHYSTS;9996;2;9995;21;;;10004;2;10005;21;;;10000.0;821.0
-2;55800;STARFRUIT;4984;27;;;;;4991;27;;;;;4987.5;412.8828125
-2;55800;AMETHYSTS;9998;6;9996;1;9995;26;10004;1;10005;26;;;10001.0;824.0
-2;55900;STARFRUIT;4984;22;;;;;4991;22;;;;;4987.5;418.0625
-2;55900;AMETHYSTS;9995;22;;;;;10005;22;;;;;10000.0;824.0
-2;56000;AMETHYSTS;9996;2;9995;22;;;10002;10;10004;2;10005;22;9999.0;824.0
-2;56000;STARFRUIT;4984;2;4983;22;;;4985;3;4990;24;;;4984.5;423.4296875
-2;56100;STARFRUIT;4983;22;;;;;4990;22;;;;;4986.5;427.3046875
-2;56100;AMETHYSTS;9996;2;9995;20;;;10004;2;10005;20;;;10000.0;824.0
-2;56200;STARFRUIT;4987;2;4983;30;;;4990;30;;;;;4988.5;432.0546875
-2;56200;AMETHYSTS;9996;1;9995;29;;;10004;1;10005;29;;;10000.0;824.0
-2;56300;STARFRUIT;4983;8;4982;25;;;4989;27;;;;;4986.0;445.8515625
-2;56300;AMETHYSTS;10002;1;9996;2;9995;25;10004;2;10005;25;;;10003.0;824.0
-2;56400;AMETHYSTS;9996;1;9995;30;;;10004;1;10005;30;;;10000.0;826.0
-2;56400;STARFRUIT;4982;31;;;;;4989;31;;;;;4985.5;450.90625
-2;56500;STARFRUIT;4982;29;;;;;4989;29;;;;;4985.5;451.03125
-2;56500;AMETHYSTS;9996;2;9995;27;;;10004;2;10005;27;;;10000.0;826.0
-2;56600;STARFRUIT;4983;2;4982;29;;;4989;31;;;;;4986.0;441.984375
-2;56600;AMETHYSTS;9996;2;9995;29;;;10002;4;10004;2;10005;29;9999.0;826.0
-2;56700;STARFRUIT;4987;6;4983;2;4982;24;4989;26;;;;;4988.0;444.2109375
-2;56700;AMETHYSTS;9998;3;9996;2;9995;24;10000;2;10004;2;10005;24;9999.0;826.0
-2;56800;AMETHYSTS;10002;1;9998;10;9996;2;10004;2;10005;22;;;10003.0;826.0
-2;56800;STARFRUIT;4982;24;;;;;4989;24;;;;;4985.5;448.34375
-2;56900;STARFRUIT;4983;4;4982;20;;;4989;22;;;;;4986.0;443.7578125
-2;56900;AMETHYSTS;9996;2;9995;20;;;10004;2;10005;20;;;10000.0;828.0
-2;57000;STARFRUIT;4983;28;;;;;4988;8;4989;1;4990;27;4985.5;439.4921875
-2;57000;AMETHYSTS;9996;1;9995;27;;;10004;1;10005;27;;;10000.0;828.0
-2;57100;STARFRUIT;4984;2;4983;25;;;4990;27;;;;;4987.0;426.796875
-2;57100;AMETHYSTS;9996;2;9995;25;;;10004;2;10005;25;;;10000.0;828.0
-2;57200;AMETHYSTS;10002;2;9996;1;9995;26;10004;1;10005;26;;;10003.0;828.0
-2;57200;STARFRUIT;4989;1;4984;27;;;4990;27;;;;;4989.5;422.15625
-2;57300;STARFRUIT;4984;1;4983;26;;;4990;27;;;;;4987.0;422.328125
-2;57300;AMETHYSTS;9996;1;9995;26;;;10002;9;10004;1;10005;26;9999.0;832.0
-2;57400;STARFRUIT;4984;24;;;;;4989;2;4991;24;;;4986.5;411.703125
-2;57400;AMETHYSTS;9995;24;;;;;10005;24;;;;;10000.0;832.0
-2;57500;STARFRUIT;4989;5;4986;5;4985;25;4991;2;4992;23;;;4990.0;399.5703125
-2;57500;AMETHYSTS;9998;5;9996;2;9995;23;10004;2;10005;23;;;10001.0;832.0
-2;57600;AMETHYSTS;9995;24;;;;;10005;24;;;;;10000.0;832.0
-2;57600;STARFRUIT;4984;24;;;;;4991;24;;;;;4987.5;403.3671875
-2;57700;STARFRUIT;4985;29;;;;;4991;29;;;;;4988.0;402.125
-2;57700;AMETHYSTS;9995;29;;;;;10005;29;;;;;10000.0;832.0
-2;57800;STARFRUIT;4984;31;;;;;4991;31;;;;;4987.5;415.5
-2;57800;AMETHYSTS;9998;1;9996;2;9995;29;10004;2;10005;29;;;10001.0;832.0
-2;57900;STARFRUIT;4984;27;;;;;4987;6;4989;5;4990;2;4985.5;418.40625
-2;57900;AMETHYSTS;9996;2;9995;25;;;9998;1;10000;6;10004;2;9997.0;832.0
-2;58000;AMETHYSTS;9996;1;9995;24;;;9998;4;10004;1;10005;24;9997.0;834.0
-2;58000;STARFRUIT;4984;5;4983;24;;;4990;25;;;;;4987.0;425.4453125
-2;58100;STARFRUIT;4983;23;;;;;4990;23;;;;;4986.5;427.1640625
-2;58100;AMETHYSTS;9995;23;;;;;10005;23;;;;;10000.0;842.0
-2;58200;STARFRUIT;4983;31;;;;;4990;31;;;;;4986.5;431.0
-2;58200;AMETHYSTS;9996;1;9995;30;;;10004;1;10005;30;;;10000.0;854.0
-2;58300;STARFRUIT;4983;29;;;;;4990;29;;;;;4986.5;432.34375
-2;58300;AMETHYSTS;9995;29;;;;;10005;29;;;;;10000.0;854.0
-2;58400;AMETHYSTS;9996;2;9995;21;;;10004;2;10005;21;;;10000.0;854.0
-2;58400;STARFRUIT;4983;23;;;;;4988;1;4990;23;;;4985.5;433.1796875
-2;58500;STARFRUIT;4983;21;;;;;4990;21;;;;;4986.5;468.818359375
-2;58500;AMETHYSTS;9995;21;;;;;10002;1;10005;21;;;9998.5;854.0
-2;58600;STARFRUIT;4983;25;;;;;4988;7;4990;25;;;4985.5;468.36328125
-2;58600;AMETHYSTS;10002;1;9995;25;;;10005;25;;;;;10003.5;854.0
-2;58700;STARFRUIT;4984;2;4983;32;;;4990;32;;;;;4987.0;469.482421875
-2;58700;AMETHYSTS;9996;2;9995;30;;;10004;2;10005;30;;;10000.0;856.0
-2;58800;STARFRUIT;4982;29;;;;;4989;29;;;;;4985.5;472.048828125
-2;58800;AMETHYSTS;9995;29;;;;;10002;1;10005;29;;;9998.5;856.0
-2;58900;STARFRUIT;4983;25;;;;;4990;25;;;;;4986.5;469.599609375
-2;58900;AMETHYSTS;9996;1;9995;24;;;10004;1;10005;24;;;10000.0;904.0
-2;59000;STARFRUIT;4984;22;;;;;4990;2;4991;20;;;4987.0;466.787109375
-2;59000;AMETHYSTS;9996;2;9995;20;;;10004;2;10005;20;;;10000.0;904.0
-2;59100;AMETHYSTS;9995;27;;;;;10005;27;;;;;10000.0;904.0
-2;59100;STARFRUIT;4984;7;4983;27;;;4990;27;;;;;4987.0;467.693359375
-2;59200;STARFRUIT;4984;31;;;;;4990;2;4991;29;;;4987.0;468.5
-2;59200;AMETHYSTS;9998;4;9996;2;9995;29;10004;2;10005;29;;;10001.0;908.0
-2;59300;STARFRUIT;4983;26;;;;;4988;2;4990;27;;;4985.5;472.14453125
-2;59300;AMETHYSTS;9996;1;9995;26;;;10004;1;10005;26;;;10000.0;908.0
-2;59400;STARFRUIT;4983;1;4982;21;;;4989;22;;;;;4986.0;475.87109375
-2;59400;AMETHYSTS;9996;1;9995;21;;;10004;1;10005;21;;;10000.0;908.0
-2;59500;AMETHYSTS;10002;5;9995;23;;;10005;23;;;;;10003.5;908.0
-2;59500;STARFRUIT;4982;23;;;;;4989;23;;;;;4985.5;476.51953125
-2;59600;STARFRUIT;4983;29;;;;;4990;29;;;;;4986.5;473.015625
-2;59600;AMETHYSTS;9996;2;9995;27;;;10004;2;10005;27;;;10000.0;908.0
-2;59700;STARFRUIT;4982;21;;;;;4989;21;;;;;4985.5;475.515625
-2;59700;AMETHYSTS;9995;21;;;;;10005;21;;;;;10000.0;908.0
-2;59800;STARFRUIT;4982;25;;;;;4989;25;;;;;4985.5;477.5078125
-2;59800;AMETHYSTS;9996;1;9995;24;;;10004;1;10005;24;;;10000.0;908.0
-2;59900;AMETHYSTS;9996;1;9995;23;;;10002;6;10004;1;10005;23;9999.0;908.0
-2;59900;STARFRUIT;4983;24;;;;;4989;1;4990;23;;;4986.0;473.681640625
-2;60000;STARFRUIT;4982;22;;;;;4989;22;;;;;4985.5;478.19921875
-2;60000;AMETHYSTS;9998;3;9995;22;;;10005;22;;;;;10001.5;908.0
-2;60100;STARFRUIT;4982;27;;;;;4989;27;;;;;4985.5;478.94140625
-2;60100;AMETHYSTS;9996;2;9995;25;;;10004;2;10005;25;;;10000.0;914.0
-2;60200;STARFRUIT;4987;3;4982;25;;;4989;25;;;;;4988.0;477.58984375
-2;60200;AMETHYSTS;9995;25;;;;;10005;25;;;;;10000.0;914.0
-2;60300;AMETHYSTS;9996;1;9995;27;;;10004;1;10005;27;;;10000.0;942.0
-2;60300;STARFRUIT;4983;1;4982;27;;;4989;28;;;;;4986.0;478.16796875
-2;60400;STARFRUIT;4983;1;4982;20;;;4989;21;;;;;4986.0;477.6484375
-2;60400;AMETHYSTS;9996;1;9995;20;;;9998;1;10004;1;10005;20;9997.0;942.0
-2;60500;STARFRUIT;4984;1;4983;23;;;4990;24;;;;;4987.0;470.3671875
-2;60500;AMETHYSTS;9996;1;9995;23;;;10004;1;10005;23;;;10000.0;942.0
-2;60600;STARFRUIT;4984;2;4983;24;;;4990;24;;;;;4987.0;473.50390625
-2;60600;AMETHYSTS;9996;2;9995;22;;;10004;2;10005;22;;;10000.0;942.0
-2;60700;AMETHYSTS;9995;22;;;;;10005;22;;;;;10000.0;942.0
-2;60700;STARFRUIT;4983;22;;;;;4988;5;4990;22;;;4985.5;474.3828125
-2;60800;STARFRUIT;4983;31;;;;;4990;32;;;;;4986.5;475.05078125
-2;60800;AMETHYSTS;10002;10;9996;2;9995;30;10004;2;10005;30;;;10003.0;942.0
-2;60900;STARFRUIT;4983;31;;;;;4984;3;4987;4;4989;31;4983.5;476.9765625
-2;60900;AMETHYSTS;9996;2;9995;29;;;10004;2;10005;29;;;10000.0;942.0
-2;61000;AMETHYSTS;9995;28;;;;;10005;28;;;;;10000.0;942.0
-2;61000;STARFRUIT;4982;28;;;;;4989;28;;;;;4985.5;480.7109375
-2;61100;AMETHYSTS;9995;29;;;;;10005;29;;;;;10000.0;942.0
-2;61100;STARFRUIT;4983;29;;;;;4988;3;4990;29;;;4985.5;476.28515625
-2;61200;STARFRUIT;4983;22;;;;;4986;2;4989;1;4990;21;4984.5;475.6796875
-2;61200;AMETHYSTS;9998;9;9996;1;9995;21;10000;2;10004;1;10005;21;9999.0;942.0
-2;61300;AMETHYSTS;9996;1;9995;22;;;10004;1;10005;22;;;10000.0;942.0
-2;61300;STARFRUIT;4982;23;;;;;4989;23;;;;;4985.5;480.57421875
-2;61400;AMETHYSTS;9996;1;9995;30;;;10004;1;10005;30;;;10000.0;942.0
-2;61400;STARFRUIT;4982;31;;;;;4988;1;4989;30;;;4985.0;482.53515625
-2;61500;AMETHYSTS;9996;2;9995;27;;;10004;2;10005;27;;;10000.0;942.0
-2;61500;STARFRUIT;4982;29;;;;;4989;29;;;;;4985.5;481.4140625
-2;61600;STARFRUIT;4982;30;;;;;4987;5;4989;30;;;4984.5;480.296875
-2;61600;AMETHYSTS;9996;2;9995;28;;;10004;2;10005;28;;;10000.0;942.0
-2;61700;AMETHYSTS;9996;1;9995;26;;;10004;1;10005;26;;;10000.0;942.0
-2;61700;STARFRUIT;4981;26;;;;;4986;7;4988;27;;;4983.5;484.30859375
-2;61800;AMETHYSTS;9995;20;;;;;10005;20;;;;;10000.0;942.0
-2;61800;STARFRUIT;4981;20;;;;;4988;20;;;;;4984.5;484.56640625
-2;61900;AMETHYSTS;9995;26;;;;;9998;1;10005;26;;;9996.5;942.0
-2;61900;STARFRUIT;4982;26;;;;;4989;26;;;;;4985.5;483.84765625
-2;62000;STARFRUIT;4987;1;4982;20;;;4989;20;;;;;4988.0;488.41015625
-2;62000;AMETHYSTS;9995;20;;;;;10005;20;;;;;10000.0;942.0
-2;62100;AMETHYSTS;9996;2;9995;23;;;10004;2;10005;23;;;10000.0;942.0
-2;62100;STARFRUIT;4982;25;;;;;4989;25;;;;;4985.5;487.00390625
-2;62200;AMETHYSTS;9995;25;;;;;10002;3;10005;25;;;9998.5;942.0
-2;62200;STARFRUIT;4981;25;;;;;4988;25;;;;;4984.5;493.52734375
-2;62300;AMETHYSTS;9995;22;;;;;10005;22;;;;;10000.0;942.0
-2;62300;STARFRUIT;4982;22;;;;;4989;22;;;;;4985.5;486.93359375
-2;62400;STARFRUIT;4982;25;;;;;4987;8;4989;25;;;4984.5;486.1875
-2;62400;AMETHYSTS;9996;2;9995;23;;;10004;2;10005;23;;;10000.0;950.0
-2;62500;AMETHYSTS;9996;1;9995;23;;;10004;1;10005;23;;;10000.0;950.0
-2;62500;STARFRUIT;4984;2;4983;24;;;4989;1;4990;23;;;4986.5;479.734375
-2;62600;AMETHYSTS;9995;29;;;;;10005;29;;;;;10000.0;950.0
-2;62600;STARFRUIT;4984;29;;;;;4991;29;;;;;4987.5;469.50390625
-2;62700;AMETHYSTS;9996;2;9995;24;;;10004;2;10005;24;;;10000.0;950.0
-2;62700;STARFRUIT;4984;26;;;;;4990;2;4991;24;;;4987.0;470.0859375
-2;62800;STARFRUIT;4983;26;;;;;4984;1;4988;1;4990;26;4983.5;474.50390625
-2;62800;AMETHYSTS;9995;26;;;;;10005;26;;;;;10000.0;950.0
-2;62900;AMETHYSTS;9996;2;9995;27;;;9998;4;10004;2;10005;27;9997.0;950.0
-2;62900;STARFRUIT;4984;29;;;;;4989;1;4990;2;4991;27;4986.5;474.484375
-2;63000;AMETHYSTS;9995;29;;;;;10005;29;;;;;10000.0;948.0
-2;63000;STARFRUIT;4983;29;;;;;4988;4;4990;29;;;4985.5;475.06640625
-2;63100;AMETHYSTS;9996;2;9995;24;;;10004;2;10005;24;;;10000.0;948.0
-2;63100;STARFRUIT;4984;1;4983;24;;;4990;26;;;;;4987.0;476.5078125
-2;63200;STARFRUIT;4983;28;;;;;4990;28;;;;;4986.5;479.796875
-2;63200;AMETHYSTS;9995;28;;;;;10005;28;;;;;10000.0;948.0
-2;63300;STARFRUIT;4984;32;;;;;4990;2;4991;30;;;4987.0;474.44140625
-2;63300;AMETHYSTS;9996;2;9995;30;;;10004;2;10005;30;;;10000.0;948.0
-2;63400;AMETHYSTS;9996;2;9995;24;;;10004;2;10005;24;;;10000.0;948.0
-2;63400;STARFRUIT;4988;3;4984;2;4983;24;4990;26;;;;;4989.0;475.8515625
-2;63500;STARFRUIT;4984;2;4983;20;;;4990;20;;;;;4987.0;480.30859375
-2;63500;AMETHYSTS;9998;8;9995;20;;;10005;20;;;;;10001.5;948.0
-2;63600;STARFRUIT;4988;1;4983;21;;;4990;21;;;;;4989.0;481.73828125
-2;63600;AMETHYSTS;9995;21;;;;;10005;21;;;;;10000.0;948.0
-2;63700;STARFRUIT;4983;8;4982;30;;;4989;30;;;;;4986.0;485.421875
-2;63700;AMETHYSTS;9996;2;9995;28;;;10002;6;10004;2;10005;28;9999.0;948.0
-2;63800;AMETHYSTS;9996;1;9995;21;;;10004;1;10005;21;;;10000.0;948.0
-2;63800;STARFRUIT;4982;21;;;;;4987;7;4989;22;;;4984.5;484.92578125
-2;63900;STARFRUIT;4982;21;;;;;4987;6;4989;21;;;4984.5;486.265625
-2;63900;AMETHYSTS;9995;21;;;;;10005;21;;;;;10000.0;948.0
-2;64000;STARFRUIT;4982;30;;;;;4989;30;;;;;4985.5;489.6328125
-2;64000;AMETHYSTS;9998;6;9995;30;;;10005;30;;;;;10001.5;956.0
-2;64100;STARFRUIT;4982;27;;;;;4989;27;;;;;4985.5;490.13671875
-2;64100;AMETHYSTS;9995;27;;;;;10002;6;10005;27;;;9998.5;956.0
-2;64200;AMETHYSTS;9996;1;9995;24;;;10004;1;10005;24;;;10000.0;956.0
-2;64200;STARFRUIT;4982;25;;;;;4988;1;4989;24;;;4985.0;491.9296875
-2;64300;STARFRUIT;4982;23;;;;;4989;23;;;;;4985.5;489.921875
-2;64300;AMETHYSTS;9998;7;9996;1;9995;22;10004;1;10005;22;;;10001.0;956.0
-2;64400;STARFRUIT;4983;4;4982;27;;;4989;29;;;;;4986.0;486.421875
-2;64400;AMETHYSTS;9998;8;9996;2;9995;27;10004;2;10005;27;;;10001.0;956.0
-2;64500;STARFRUIT;4983;2;4982;27;;;4987;6;4989;29;;;4985.0;487.4375
-2;64500;AMETHYSTS;9998;5;9996;2;9995;27;10004;2;10005;27;;;10001.0;956.0
-2;64600;AMETHYSTS;9995;26;;;;;10005;26;;;;;10000.0;956.0
-2;64600;STARFRUIT;4982;26;;;;;4989;26;;;;;4985.5;489.23828125
-2;64700;STARFRUIT;4982;28;;;;;4989;28;;;;;4985.5;488.69140625
-2;64700;AMETHYSTS;9995;28;;;;;10005;28;;;;;10000.0;956.0
-2;64800;STARFRUIT;4983;2;4982;30;;;4989;32;;;;;4986.0;486.21484375
-2;64800;AMETHYSTS;9996;2;9995;30;;;10004;2;10005;30;;;10000.0;956.0
-2;64900;STARFRUIT;4983;2;4982;29;;;4987;3;4989;31;;;4985.0;486.23046875
-2;64900;AMETHYSTS;9996;2;9995;29;;;10004;2;10005;29;;;10000.0;956.0
-2;65000;AMETHYSTS;9995;25;;;;;9998;1;10005;25;;;9996.5;956.0
-2;65000;STARFRUIT;4983;25;;;;;4990;25;;;;;4986.5;485.84765625
-2;65100;STARFRUIT;4983;25;;;;;4989;2;4990;23;;;4986.0;485.92578125
-2;65100;AMETHYSTS;9996;2;9995;23;;;10004;2;10005;23;;;10000.0;956.0
-2;65200;STARFRUIT;4988;1;4983;29;;;4990;29;;;;;4989.0;485.06640625
-2;65200;AMETHYSTS;9998;8;9995;29;;;10005;29;;;;;10001.5;956.0
-2;65300;STARFRUIT;4983;21;;;;;4988;2;4990;21;;;4985.5;483.32421875
-2;65300;AMETHYSTS;9995;21;;;;;10002;3;10005;21;;;9998.5;956.0
-2;65400;AMETHYSTS;9996;2;9995;26;;;10000;3;10004;2;10005;26;9998.0;958.0
-2;65400;STARFRUIT;4983;28;;;;;4986;3;4989;2;4990;26;4984.5;485.29296875
-2;65500;STARFRUIT;4983;9;4982;27;;;4989;29;;;;;4986.0;486.640625
-2;65500;AMETHYSTS;9996;2;9995;27;;;10004;2;10005;27;;;10000.0;958.0
-2;65600;STARFRUIT;4982;20;;;;;4989;20;;;;;4985.5;486.5234375
-2;65600;AMETHYSTS;9998;5;9995;20;;;10005;20;;;;;10001.5;958.0
-2;65700;STARFRUIT;4982;29;;;;;4989;29;;;;;4985.5;488.3828125
-2;65700;AMETHYSTS;9995;29;;;;;10005;29;;;;;10000.0;958.0
-2;65800;AMETHYSTS;9998;9;9995;20;;;10005;20;;;;;10001.5;958.0
-2;65800;STARFRUIT;4982;20;;;;;4987;7;4989;20;;;4984.5;488.0078125
-2;65900;STARFRUIT;4983;6;4982;23;;;4989;24;;;;;4986.0;486.5234375
-2;65900;AMETHYSTS;9996;1;9995;23;;;10004;1;10005;23;;;10000.0;958.0
-2;66000;STARFRUIT;4983;2;4982;22;;;4989;24;;;;;4986.0;486.5859375
-2;66000;AMETHYSTS;9998;4;9996;2;9995;22;10004;2;10005;22;;;10001.0;958.0
-2;66100;STARFRUIT;4982;27;;;;;4989;27;;;;;4985.5;488.2734375
-2;66100;AMETHYSTS;9996;1;9995;26;;;9998;1;10004;1;10005;26;9997.0;958.0
-2;66200;AMETHYSTS;10002;1;10000;5;9995;20;10005;20;;;;;10003.5;958.0
-2;66200;STARFRUIT;4985;5;4982;20;;;4989;20;;;;;4987.0;490.44140625
-2;66300;STARFRUIT;4988;1;4984;2;4983;25;4989;1;4990;24;;;4988.5;485.578125
-2;66300;AMETHYSTS;9996;1;9995;24;;;10004;1;10005;24;;;10000.0;958.0
-2;66400;STARFRUIT;4983;21;;;;;4990;21;;;;;4986.5;483.140625
-2;66400;AMETHYSTS;9995;21;;;;;9998;3;10005;21;;;9996.5;958.0
-2;66500;STARFRUIT;4983;2;4982;20;;;4989;22;;;;;4986.0;486.2578125
-2;66500;AMETHYSTS;9996;2;9995;20;;;10004;2;10005;20;;;10000.0;958.0
-2;66600;AMETHYSTS;9995;22;;;;;10005;22;;;;;10000.0;958.0
-2;66600;STARFRUIT;4982;22;;;;;4987;3;4989;22;;;4984.5;488.6015625
-2;66700;STARFRUIT;4983;27;;;;;4990;27;;;;;4986.5;483.39453125
-2;66700;AMETHYSTS;9998;9;9995;27;;;10005;27;;;;;10001.5;958.0
-2;66800;STARFRUIT;4983;30;;;;;4990;30;;;;;4986.5;479.19921875
-2;66800;AMETHYSTS;9995;30;;;;;10005;30;;;;;10000.0;958.0
-2;66900;STARFRUIT;4989;1;4985;4;4984;23;4991;23;;;;;4990.0;478.84765625
-2;66900;AMETHYSTS;9998;4;9995;23;;;10005;23;;;;;10001.5;958.0
-2;67000;AMETHYSTS;9996;1;9995;24;;;10004;1;10005;24;;;10000.0;958.0
-2;67000;STARFRUIT;4984;25;;;;;4991;25;;;;;4987.5;477.15234375
-2;67100;STARFRUIT;4983;23;;;;;4990;23;;;;;4986.5;481.88671875
-2;67100;AMETHYSTS;9995;23;;;;;10005;23;;;;;10000.0;958.0
-2;67200;STARFRUIT;4984;1;4983;20;;;4990;22;;;;;4987.0;500.8828125
-2;67200;AMETHYSTS;9996;2;9995;20;;;10002;3;10004;2;10005;20;9999.0;958.0
-2;67300;STARFRUIT;4985;1;4984;30;;;4991;30;;;;;4988.0;495.8984375
-2;67300;AMETHYSTS;9995;30;;;;;9998;3;10005;30;;;9996.5;958.0
-2;67400;AMETHYSTS;9998;4;9996;1;9995;25;10004;1;10005;25;;;10001.0;958.0
-2;67400;STARFRUIT;4983;26;;;;;4990;26;;;;;4986.5;508.46875
-2;67500;STARFRUIT;4983;20;;;;;4990;21;;;;;4986.5;513.7734375
-2;67500;AMETHYSTS;9995;21;;;;;10005;21;;;;;10000.0;958.0
-2;67600;STARFRUIT;4983;27;;;;;4990;27;;;;;4986.5;508.5078125
-2;67600;AMETHYSTS;9996;2;9995;25;;;10004;2;10005;25;;;10000.0;958.0
-2;67700;AMETHYSTS;9996;1;9995;29;;;10004;1;10005;29;;;10000.0;958.0
-2;67700;STARFRUIT;4984;4;4983;29;;;4990;30;;;;;4987.0;507.1953125
-2;67800;STARFRUIT;4984;8;4983;30;;;4990;30;;;;;4987.0;511.9375
-2;67800;AMETHYSTS;9998;3;9995;30;;;10005;30;;;;;10001.5;958.0
-2;67900;STARFRUIT;4983;25;;;;;4990;25;;;;;4986.5;509.6484375
-2;67900;AMETHYSTS;9995;25;;;;;10005;25;;;;;10000.0;958.0
-2;68000;STARFRUIT;4984;23;;;;;4991;23;;;;;4987.5;496.9375
-2;68000;AMETHYSTS;9996;2;9995;21;;;10004;2;10005;21;;;10000.0;958.0
-2;68100;AMETHYSTS;9996;2;9995;29;;;10004;2;10005;29;;;10000.0;958.0
-2;68100;STARFRUIT;4984;31;;;;;4989;4;4990;2;4991;29;4986.5;513.4921875
-2;68200;STARFRUIT;4989;1;4983;31;;;4990;31;;;;;4989.5;520.921875
-2;68200;AMETHYSTS;9996;2;9995;29;;;10004;2;10005;29;;;10000.0;958.0
-2;68300;STARFRUIT;4989;1;4983;29;;;4990;29;;;;;4989.5;521.2734375
-2;68300;AMETHYSTS;9996;1;9995;28;;;10004;1;10005;28;;;10000.0;958.0
-2;68400;STARFRUIT;4983;28;;;;;4990;28;;;;;4986.5;525.9375
-2;68400;AMETHYSTS;9996;2;9995;26;;;10004;2;10005;26;;;10000.0;958.0
-2;68500;AMETHYSTS;9995;23;;;;;10002;5;10005;23;;;9998.5;958.0
-2;68500;STARFRUIT;4984;23;;;;;4991;23;;;;;4987.5;518.1953125
-2;68600;STARFRUIT;4984;24;;;;;4990;1;4991;24;;;4987.0;517.25
-2;68600;AMETHYSTS;9996;1;9995;24;;;10004;1;10005;24;;;10000.0;958.0
-2;68700;STARFRUIT;4984;1;4983;27;;;4990;28;;;;;4987.0;522.0390625
-2;68700;AMETHYSTS;9996;1;9995;27;;;10004;1;10005;27;;;10000.0;958.0
-2;68800;STARFRUIT;4984;22;;;;;4991;22;;;;;4987.5;507.7421875
-2;68800;AMETHYSTS;9995;22;;;;;9998;1;10005;22;;;9996.5;958.0
-2;68900;AMETHYSTS;9996;1;9995;27;;;10004;1;10005;27;;;10000.0;960.0
-2;68900;STARFRUIT;4990;1;4984;28;;;4991;28;;;;;4990.5;510.734375
-2;69000;STARFRUIT;4984;30;;;;;4991;30;;;;;4987.5;510.1953125
-2;69000;AMETHYSTS;9996;2;9995;28;;;10004;2;10005;28;;;10000.0;960.0
-2;69100;STARFRUIT;4985;31;;;;;4986;1;4991;31;;;4985.5;505.90625
-2;69100;AMETHYSTS;9998;9;9996;1;9995;30;10004;1;10005;30;;;10001.0;960.0
-2;69200;STARFRUIT;4990;1;4989;2;4985;30;4992;30;;;;;4991.0;500.9375
-2;69200;AMETHYSTS;9996;2;9995;28;;;10004;2;10005;28;;;10000.0;960.0
-2;69300;AMETHYSTS;9995;21;;;;;9998;1;10005;21;;;9996.5;960.0
-2;69300;STARFRUIT;4990;1;4985;21;;;4992;21;;;;;4991.0;499.84375
-2;69400;STARFRUIT;4985;26;;;;;4992;26;;;;;4988.5;496.125
-2;69400;AMETHYSTS;10002;1;9998;2;9996;1;10004;1;10005;25;;;10003.0;962.0
-2;69500;STARFRUIT;4986;6;4985;26;;;4992;26;;;;;4989.0;496.5703125
-2;69500;AMETHYSTS;9998;1;9996;2;9995;24;10004;2;10005;24;;;10001.0;962.0
-2;69600;STARFRUIT;4985;22;;;;;4992;23;;;;;4988.5;505.609375
-2;69600;AMETHYSTS;9995;23;;;;;10005;23;;;;;10000.0;962.0
-2;69700;AMETHYSTS;10002;1;9996;1;9995;20;10004;1;10005;20;;;10003.0;962.0
-2;69700;STARFRUIT;4985;1;4984;20;;;4991;21;;;;;4988.0;507.0234375
-2;69800;STARFRUIT;4985;1;4984;23;;;4991;24;;;;;4988.0;511.15625
-2;69800;AMETHYSTS;9996;1;9995;23;;;10004;1;10005;23;;;10000.0;962.0
-2;69900;AMETHYSTS;9996;2;9995;27;;;10004;2;10005;27;;;10000.0;962.0
-2;69900;STARFRUIT;4985;2;4984;27;;;4991;29;;;;;4988.0;512.21875
-2;70000;AMETHYSTS;9996;2;9995;27;;;10004;2;10005;27;;;10000.0;962.0
-2;70000;STARFRUIT;4985;2;4984;27;;;4991;29;;;;;4988.0;511.421875
-2;70100;AMETHYSTS;9996;2;9995;22;;;10004;2;10005;22;;;10000.0;962.0
-2;70100;STARFRUIT;4984;24;;;;;4985;1;4991;24;;;4984.5;515.15625
-2;70200;STARFRUIT;4985;22;;;;;4991;1;4992;21;;;4988.0;507.2890625
-2;70200;AMETHYSTS;9996;1;9995;21;;;10004;1;10005;21;;;10000.0;962.0
-2;70300;AMETHYSTS;9996;1;9995;25;;;9998;2;10004;1;10005;25;9997.0;962.0
-2;70300;STARFRUIT;4985;26;;;;;4992;26;;;;;4988.5;497.953125
-2;70400;AMETHYSTS;9995;26;;;;;10005;26;;;;;10000.0;962.0
-2;70400;STARFRUIT;4984;26;;;;;4989;6;4991;26;;;4986.5;511.0859375
-2;70500;AMETHYSTS;9995;23;;;;;10000;3;10005;23;;;9997.5;962.0
-2;70500;STARFRUIT;4984;23;;;;;4987;3;4989;3;4991;23;4985.5;511.046875
-2;70600;STARFRUIT;4985;6;4984;28;;;4991;28;;;;;4988.0;515.2890625
-2;70600;AMETHYSTS;9996;1;9995;27;;;10004;1;10005;27;;;10000.0;962.0
-2;70700;AMETHYSTS;9995;26;;;;;10005;26;;;;;10000.0;962.0
-2;70700;STARFRUIT;4983;26;;;;;4990;26;;;;;4986.5;531.9296875
-2;70800;AMETHYSTS;10002;1;9995;27;;;10005;27;;;;;10003.5;962.0
-2;70800;STARFRUIT;4983;27;;;;;4984;1;4990;27;;;4983.5;529.81640625
-2;70900;AMETHYSTS;9996;2;9995;30;;;10004;2;10005;30;;;10000.0;962.0
-2;70900;STARFRUIT;4983;32;;;;;4990;32;;;;;4986.5;533.02734375
-2;71000;STARFRUIT;4983;30;;;;;4990;30;;;;;4986.5;534.9765625
-2;71000;AMETHYSTS;9996;1;9995;29;;;10002;5;10004;1;10005;29;9999.0;962.0
-2;71100;AMETHYSTS;9998;9;9996;1;9995;21;10004;1;10005;21;;;10001.0;962.0
-2;71100;STARFRUIT;4983;22;;;;;4989;1;4990;21;;;4986.0;538.3515625
-2;71200;AMETHYSTS;10002;1;9996;1;9995;28;10004;1;10005;28;;;10003.0;962.0
-2;71200;STARFRUIT;4983;28;;;;;4990;29;;;;;4986.5;532.74609375
-2;71300;AMETHYSTS;9996;2;9995;26;;;10002;4;10004;2;10005;26;9999.0;962.0
-2;71300;STARFRUIT;4984;2;4983;26;;;4988;4;4990;28;;;4986.0;526.35546875
-2;71400;STARFRUIT;4984;26;;;;;4990;2;4991;24;;;4987.0;524.93359375
-2;71400;AMETHYSTS;9996;2;9995;24;;;10002;3;10004;2;10005;24;9999.0;962.0
-2;71500;AMETHYSTS;10002;1;9996;2;9995;26;10004;2;10005;26;;;10003.0;962.0
-2;71500;STARFRUIT;4984;28;;;;;4985;3;4991;28;;;4984.5;521.3671875
-2;71600;AMETHYSTS;9996;1;9995;27;;;9998;3;10004;1;10005;27;9997.0;962.0
-2;71600;STARFRUIT;4984;28;;;;;4991;28;;;;;4987.5;521.95703125
-2;71700;AMETHYSTS;9996;2;9995;29;;;10004;2;10005;29;;;10000.0;962.0
-2;71700;STARFRUIT;4984;31;;;;;4989;4;4991;31;;;4986.5;521.24609375
-2;71800;STARFRUIT;4984;27;;;;;4990;2;4991;25;;;4987.0;541.6484375
-2;71800;AMETHYSTS;10002;1;9996;2;9995;25;10004;2;10005;25;;;10003.0;962.0
-2;71900;AMETHYSTS;10002;1;9996;1;9995;25;10004;1;10005;25;;;10003.0;962.0
-2;71900;STARFRUIT;4984;26;;;;;4990;1;4991;25;;;4987.0;541.5859375
-2;72000;AMETHYSTS;9996;1;9995;20;;;10004;1;10005;20;;;10000.0;962.0
-2;72000;STARFRUIT;4984;1;4983;20;;;4988;6;4990;21;;;4986.0;543.005859375
-2;72100;AMETHYSTS;9995;21;;;;;10005;21;;;;;10000.0;962.0
-2;72100;STARFRUIT;4983;21;;;;;4988;5;4990;21;;;4985.5;542.26953125
-2;72200;STARFRUIT;4988;3;4984;31;;;4991;31;;;;;4989.5;540.62890625
-2;72200;AMETHYSTS;9996;2;9995;29;;;10004;2;10005;29;;;10000.0;962.0
-2;72300;STARFRUIT;4984;23;;;;;4991;23;;;;;4987.5;540.015625
-2;72300;AMETHYSTS;9996;1;9995;22;;;10002;8;10004;1;10005;22;9999.0;962.0
-2;72400;AMETHYSTS;10002;1;9996;2;9995;20;10004;2;10005;20;;;10003.0;962.0
-2;72400;STARFRUIT;4985;2;4984;20;;;4989;6;4991;22;;;4987.0;537.666015625
-2;72500;STARFRUIT;4986;9;4985;25;;;4992;27;;;;;4989.0;532.322265625
-2;72500;AMETHYSTS;9996;2;9995;25;;;10004;2;10005;25;;;10000.0;962.0
-2;72600;STARFRUIT;4986;2;4985;29;;;4991;2;4992;27;;;4988.5;539.41796875
-2;72600;AMETHYSTS;9996;2;9995;27;;;10004;2;10005;27;;;10000.0;965.0
-2;72700;STARFRUIT;4985;23;;;;;4992;23;;;;;4988.5;539.38671875
-2;72700;AMETHYSTS;9995;23;;;;;10005;23;;;;;10000.0;965.0
-2;72800;AMETHYSTS;9995;20;;;;;10005;20;;;;;10000.0;965.0
-2;72800;STARFRUIT;4984;20;;;;;4991;20;;;;;4987.5;540.75
-2;72900;STARFRUIT;4984;24;;;;;4991;24;;;;;4987.5;541.84375
-2;72900;AMETHYSTS;9998;1;9996;2;9995;22;10004;2;10005;22;;;10001.0;965.0
-2;73000;STARFRUIT;4984;21;;;;;4989;2;4990;1;4991;21;4986.5;547.93359375
-2;73000;AMETHYSTS;9996;1;9995;21;;;10002;7;10004;1;10005;21;9999.0;968.0
-2;73100;STARFRUIT;4984;31;;;;;4990;2;4991;29;;;4987.0;547.79296875
-2;73100;AMETHYSTS;9996;2;9995;29;;;10002;3;10004;2;10005;29;9999.0;968.0
-2;73200;AMETHYSTS;9995;21;;;;;10005;21;;;;;10000.0;968.0
-2;73200;STARFRUIT;4984;21;;;;;4991;21;;;;;4987.5;548.51953125
-2;73300;STARFRUIT;4984;1;4983;29;;;4990;30;;;;;4987.0;550.28515625
-2;73300;AMETHYSTS;9996;1;9995;29;;;10004;1;10005;29;;;10000.0;968.0
-2;73400;STARFRUIT;4983;30;;;;;4988;4;4990;30;;;4985.5;550.99609375
-2;73400;AMETHYSTS;9995;30;;;;;9998;1;10005;30;;;9996.5;968.0
-2;73500;STARFRUIT;4983;25;;;;;4990;25;;;;;4986.5;552.6484375
-2;73500;AMETHYSTS;9996;2;9995;23;;;10004;2;10005;23;;;10000.0;970.0
-2;73600;AMETHYSTS;9996;1;9995;24;;;10004;1;10005;24;;;10000.0;970.0
-2;73600;STARFRUIT;4982;25;;;;;4989;25;;;;;4985.5;559.171875
-2;73700;STARFRUIT;4982;24;;;;;4989;24;;;;;4985.5;556.1796875
-2;73700;AMETHYSTS;9995;24;;;;;10005;24;;;;;10000.0;970.0
-2;73800;STARFRUIT;4982;24;;;;;4987;5;4989;24;;;4984.5;557.03125
-2;73800;AMETHYSTS;9995;24;;;;;10005;24;;;;;10000.0;970.0
-2;73900;STARFRUIT;4982;30;;;;;4983;3;4989;30;;;4982.5;559.6796875
-2;73900;AMETHYSTS;9995;30;;;;;10005;30;;;;;10000.0;970.0
-2;74000;AMETHYSTS;10002;1;9998;10;9996;2;10004;2;10005;24;;;10003.0;970.0
-2;74000;STARFRUIT;4982;26;;;;;4987;3;4989;26;;;4984.5;551.0859375
-2;74100;STARFRUIT;4985;6;4982;32;;;4989;32;;;;;4987.0;556.3671875
-2;74100;AMETHYSTS;10000;6;9996;2;9995;30;10004;2;10005;30;;;10002.0;972.0
-2;74200;STARFRUIT;4981;22;;;;;4988;22;;;;;4984.5;573.65625
-2;74200;AMETHYSTS;9996;2;9995;20;;;10002;6;10004;2;10005;20;9999.0;972.0
-2;74300;STARFRUIT;4982;7;4981;30;;;4988;32;;;;;4985.0;566.625
-2;74300;AMETHYSTS;9996;2;9995;30;;;10002;6;10004;2;10005;30;9999.0;972.0
-2;74400;AMETHYSTS;9995;30;;;;;10005;30;;;;;10000.0;972.0
-2;74400;STARFRUIT;4981;30;;;;;4988;30;;;;;4984.5;579.9609375
-2;74500;STARFRUIT;4984;3;4981;29;;;4988;29;;;;;4986.0;581.7109375
-2;74500;AMETHYSTS;10000;3;9995;29;;;10005;29;;;;;10002.5;972.0
-2;74600;STARFRUIT;4981;29;;;;;4988;29;;;;;4984.5;580.7734375
-2;74600;AMETHYSTS;10002;1;9998;7;9995;29;10005;29;;;;;10003.5;972.0
-2;74700;STARFRUIT;4981;32;;;;;4988;32;;;;;4984.5;570.0703125
-2;74700;AMETHYSTS;9996;2;9995;30;;;10004;2;10005;30;;;10000.0;974.0
-2;74800;AMETHYSTS;9998;9;9996;1;9995;25;10004;1;10005;25;;;10001.0;974.0
-2;74800;STARFRUIT;4982;26;;;;;4988;1;4989;25;;;4985.0;560.625
-2;74900;STARFRUIT;4982;31;;;;;4988;1;4989;30;;;4985.0;559.328125
-2;74900;AMETHYSTS;10002;1;9996;1;9995;30;10004;1;10005;30;;;10003.0;974.0
-2;75000;STARFRUIT;4987;1;4981;27;;;4988;27;;;;;4987.5;565.4140625
-2;75000;AMETHYSTS;9995;27;;;;;9998;1;10005;27;;;9996.5;976.0
-2;75100;STARFRUIT;4981;30;;;;;4988;30;;;;;4984.5;568.734375
-2;75100;AMETHYSTS;9995;30;;;;;10005;30;;;;;10000.0;976.0
-2;75200;AMETHYSTS;9998;2;9996;2;9995;24;10004;2;10005;24;;;10001.0;976.0
-2;75200;STARFRUIT;4986;3;4982;26;;;4988;2;4989;24;;;4987.0;560.1015625
-2;75300;STARFRUIT;4983;1;4982;28;;;4989;29;;;;;4986.0;545.9296875
