day;timestamp;product;bid_price_1;bid_volume_1;bid_price_2;bid_volume_2;bid_price_3;bid_volume_3;ask_price_1;ask_volume_1;ask_price_2;ask_volume_2;ask_price_3;ask_volume_3;mid_price;profit_and_loss
0;0;AMETHYSTS;9998;9;9995;23;;;10005;23;;;;;10001.5;0.0
0;0;STARFRUIT;5036;23;;;;;5043;23;;;;;5039.5;0.0
0;100;AMETHYSTS;10002;1;10000;2;9998;4;10004;1;10005;21;;;10003.0;0.0
0;100;STARFRUIT;5042;1;5039;2;5037;1;5043;22;;;;;5042.5;0.0
0;200;AMETHYSTS;9996;1;9995;21;;;10004;1;10005;21;;;10000.0;0.0
0;200;STARFRUIT;5037;1;5036;21;;;5043;1;5044;21;;;5040.0;0.0
0;300;STARFRUIT;5042;1;5037;26;;;5044;26;;;;;5043.0;0.0
0;300;AMETHYSTS;9995;26;;;;;10005;26;;;;;10000.0;0.0
0;400;AMETHYSTS;9998;8;9996;2;9995;26;10004;2;10005;26;;;10001.0;0.0
0;400;STARFRUIT;5037;28;;;;;5044;28;;;;;5040.5;0.0
0;500;AMETHYSTS;9998;8;9996;1;9995;23;10004;1;10005;23;;;10001.0;0.0
0;500;STARFRUIT;5037;24;;;;;5042;3;5044;24;;;5039.5;0.0
0;600;AMETHYSTS;9996;2;9995;28;;;10004;2;10005;28;;;10000.0;0.0
0;600;STARFRUIT;5041;5;5037;30;;;5044;30;;;;;5042.5;0.0
0;700;STARFRUIT;5036;22;;;;;5043;23;;;;;5039.5;0.0
0;700;AMETHYSTS;9996;1;9995;22;;;10004;1;10005;22;;;10000.0;0.0
0;800;AMETHYSTS;9996;1;9995;24;;;10000;3;10004;1;10005;24;9998.0;0.0
0;800;STARFRUIT;5036;25;;;;;5039;3;5043;25;;;5037.5;0.0
0;900;AMETHYSTS;9996;1;9995;20;;;9998;11;10004;1;10005;20;9997.0;0.0
0;900;STARFRUIT;5036;21;;;;;5043;21;;;;;5039.5;0.0
0;1000;AMETHYSTS;9996;1;9995;30;;;10004;1;10005;30;;;10000.0;0.0
0;1000;STARFRUIT;5037;1;5036;30;;;5043;31;;;;;5040.0;0.0
0;1100;STARFRUIT;5037;22;;;;;5043;1;5044;21;;;5040.0;0.0
0;1100;AMETHYSTS;9996;1;9995;21;;;10002;6;10004;1;10005;21;9999.0;0.0
0;1200;AMETHYSTS;9996;1;9995;22;;;10004;1;10005;22;;;10000.0;0.0
0;1200;STARFRUIT;5036;23;;;;;5037;1;5043;23;;;5036.5;0.0
0;1300;AMETHYSTS;10002;1;9995;25;;;10005;25;;;;;10003.5;0.0
0;1300;STARFRUIT;5036;25;;;;;5043;25;;;;;5039.5;0.0
0;1400;AMETHYSTS;9995;23;;;;;10000;6;10005;23;;;9997.5;0.0
0;1400;STARFRUIT;5036;23;;;;;5039;6;5043;23;;;5037.5;0.0
0;1500;STARFRUIT;5041;1;5036;21;;;5043;21;;;;;5042.0;2.33203125
0;1500;AMETHYSTS;9996;1;9995;20;;;9998;4;10004;1;10005;20;9997.0;0.0
0;1600;AMETHYSTS;9996;2;9995;28;;;10004;2;10005;28;;;10000.0;8.0
0;1600;STARFRUIT;5037;30;;;;;5043;2;5044;28;;;5040.0;7.78125
0;1700;AMETHYSTS;9995;28;;;;;10005;28;;;;;10000.0;8.0
0;1700;STARFRUIT;5036;28;;;;;5041;8;5043;28;;;5038.5;6.14453125
0;1800;AMETHYSTS;10000;4;9995;23;;;10002;10;10005;23;;;10001.0;8.0
0;1800;STARFRUIT;5040;4;5036;23;;;5044;23;;;;;5042.0;7.015625
0;1900;STARFRUIT;5036;31;;;;;5043;32;;;;;5039.5;6.29443359375
0;1900;AMETHYSTS;9996;2;9995;30;;;10004;2;10005;30;;;10000.0;8.0
0;2000;AMETHYSTS;9996;2;9995;21;;;10004;2;10005;21;;;10000.0;8.0
0;2000;STARFRUIT;5036;23;;;;;5043;23;;;;;5039.5;6.35693359375
0;2100;AMETHYSTS;9996;2;9995;26;;;10004;2;10005;26;;;10000.0;8.0
0;2100;STARFRUIT;5036;28;;;;;5041;5;5043;28;;;5038.5;6.4052734375
0;2200;AMETHYSTS;9996;1;9995;20;;;9998;4;10004;1;10005;20;9997.0;8.0
0;2200;STARFRUIT;5037;4;5036;21;;;5043;21;;;;;5040.0;6.3212890625
0;2300;STARFRUIT;5038;5;5037;24;;;5043;2;5044;22;;;5040.5;7.12890625
0;2300;AMETHYSTS;9996;2;9995;22;;;10004;2;10005;22;;;10000.0;16.0
0;2400;AMETHYSTS;9996;2;9995;20;;;10004;2;10005;20;;;10000.0;16.0
0;2400;STARFRUIT;5037;22;;;;;5043;2;5044;20;;;5040.0;7.123046875
0;2500;AMETHYSTS;9998;3;9996;2;9995;21;10004;2;10005;21;;;10001.0;16.0
0;2500;STARFRUIT;5036;23;;;;;5043;23;;;;;5039.5;6.458984375
0;2600;AMETHYSTS;10002;1;9996;1;9995;29;10004;1;10005;29;;;10003.0;16.0
0;2600;STARFRUIT;5035;30;;;;;5042;30;;;;;5038.5;5.29931640625
0;2700;STARFRUIT;5036;7;5035;23;;;5041;2;5042;21;;;5038.5;5.12646484375
0;2700;AMETHYSTS;9998;7;9996;2;9995;21;10004;2;10005;21;;;10001.0;18.0
0;2800;AMETHYSTS;9995;27;;;;;10005;27;;;;;10000.0;18.0
0;2800;STARFRUIT;5035;27;;;;;5042;27;;;;;5038.5;5.58203125
0;2900;AMETHYSTS;9996;2;9995;20;;;10004;2;10005;20;;;10000.0;18.0
0;2900;STARFRUIT;5035;22;;;;;5042;22;;;;;5038.5;5.4580078125
0;3000;AMETHYSTS;9996;1;9995;29;;;10004;1;10005;29;;;10000.0;18.0
0;3000;STARFRUIT;5040;1;5035;6;5034;29;5041;30;;;;;5040.5;4.78564453125
0;3100;STARFRUIT;5035;1;5034;27;;;5041;28;;;;;5038.0;7.0
0;3100;AMETHYSTS;9998;5;9996;1;9995;27;10004;1;10005;27;;;10001.0;18.0
0;3200;STARFRUIT;5035;24;;;;;5038;5;5042;24;;;5036.5;7.0
0;3200;AMETHYSTS;10002;2;9995;24;;;10005;24;;;;;10003.5;18.0
0;3300;AMETHYSTS;10002;1;9996;1;9995;24;10004;1;10005;24;;;10003.0;22.0
0;3300;STARFRUIT;5034;25;;;;;5041;25;;;;;5037.5;7.0
0;3400;STARFRUIT;5034;29;;;;;5041;29;;;;;5037.5;7.0
0;3400;AMETHYSTS;9998;10;9996;2;9995;27;10004;2;10005;27;;;10001.0;24.0
0;3500;STARFRUIT;5034;26;;;;;5041;26;;;;;5037.5;7.0
0;3500;AMETHYSTS;9995;26;;;;;10002;10;10005;26;;;9998.5;24.0
0;3600;STARFRUIT;5034;27;;;;;5041;27;;;;;5037.5;7.0
0;3600;AMETHYSTS;9995;27;;;;;10002;8;10005;27;;;9998.5;24.0
0;3700;AMETHYSTS;9998;3;9995;25;;;10005;25;;;;;10001.5;24.0
0;3700;STARFRUIT;5034;25;;;;;5041;25;;;;;5037.5;7.0
0;3800;STARFRUIT;5034;24;;;;;5039;7;5041;24;;;5036.5;7.0
0;3800;AMETHYSTS;9995;24;;;;;10005;24;;;;;10000.0;24.0
0;3900;STARFRUIT;5035;1;5034;26;;;5040;2;5041;24;;;5037.5;7.0
0;3900;AMETHYSTS;9996;2;9995;24;;;10004;2;10005;24;;;10000.0;24.0
0;4000;STARFRUIT;5034;30;;;;;5041;31;;;;;5037.5;7.0
0;4000;AMETHYSTS;10002;1;9996;1;9995;30;10004;1;10005;30;;;10003.0;24.0
0;4100;AMETHYSTS;10000;5;9996;2;9995;22;10002;4;10004;2;10005;22;10001.0;26.0
0;4100;STARFRUIT;5037;5;5035;2;5034;22;5041;24;;;;;5039.0;7.0
0;4200;STARFRUIT;5034;29;;;;;5039;7;5041;29;;;5036.5;7.0
0;4200;AMETHYSTS;10002;5;9996;1;9995;28;10004;1;10005;28;;;10003.0;26.0
0;4300;STARFRUIT;5034;26;;;;;5036;2;5041;26;;;5035.0;7.0
0;4300;AMETHYSTS;9995;26;;;;;10002;8;10005;26;;;9998.5;36.0
0;4400;STARFRUIT;5035;28;;;;;5042;28;;;;;5038.5;11.5498046875
0;4400;AMETHYSTS;9995;28;;;;;10005;28;;;;;10000.0;36.0
0;4500;AMETHYSTS;9995;26;;;;;10005;26;;;;;10000.0;36.0
0;4500;STARFRUIT;5035;26;;;;;5040;8;5042;26;;;5037.5;11.57421875
0;4600;STARFRUIT;5035;21;;;;;5040;3;5042;21;;;5037.5;11.353515625
0;4600;AMETHYSTS;9995;21;;;;;10005;21;;;;;10000.0;36.0
0;4700;STARFRUIT;5034;26;;;;;5041;26;;;;;5037.5;9.78125
0;4700;AMETHYSTS;9998;5;9995;26;;;10005;26;;;;;10001.5;36.0
0;4800;STARFRUIT;5039;1;5035;7;5034;23;5041;23;;;;;5040.0;9.869140625
0;4800;AMETHYSTS;9996;1;9995;22;;;10004;1;10005;22;;;10000.0;36.0
0;4900;AMETHYSTS;9996;2;9995;22;;;10004;2;10005;22;;;10000.0;36.0
0;4900;STARFRUIT;5033;24;;;;;5038;6;5040;24;;;5035.5;10.6455078125
0;5000;STARFRUIT;5033;6;5032;30;;;5039;31;;;;;5036.0;9.892578125
0;5000;AMETHYSTS;9998;9;9996;1;9995;30;10004;1;10005;30;;;10001.0;36.0
0;5100;STARFRUIT;5032;26;;;;;5039;26;;;;;5035.5;9.8466796875
0;5100;AMETHYSTS;9995;26;;;;;10005;26;;;;;10000.0;36.0
0;5200;STARFRUIT;5035;5;5033;8;5032;23;5039;25;;;;;5037.0;9.82275390625
0;5200;AMETHYSTS;10000;5;9998;7;9996;2;10004;2;10005;23;;;10002.0;36.0
0;5300;AMETHYSTS;9995;22;;;;;9998;12;10005;22;;;9996.5;36.0
0;5300;STARFRUIT;5032;22;;;;;5039;22;;;;;5035.5;9.0
0;5400;STARFRUIT;5032;30;;;;;5039;30;;;;;5035.5;9.0
0;5400;AMETHYSTS;9995;30;;;;;10005;30;;;;;10000.0;60.0
0;5500;AMETHYSTS;9996;1;9995;28;;;10004;1;10005;28;;;10000.0;64.0
0;5500;STARFRUIT;5032;29;;;;;5033;8;5039;29;;;5032.5;11.28662109375
0;5600;AMETHYSTS;9998;2;9996;2;9995;23;10004;2;10005;23;;;10001.0;68.0
0;5600;STARFRUIT;5032;25;;;;;5038;2;5039;23;;;5035.0;28.44921875
0;5700;AMETHYSTS;9996;1;9995;30;;;10004;1;10005;30;;;10000.0;68.0
0;5700;STARFRUIT;5032;3;5031;31;;;5038;31;;;;;5035.0;24.4296875
0;5800;STARFRUIT;5031;30;;;;;5038;30;;;;;5034.5;25.53125
0;5800;AMETHYSTS;9996;2;9995;28;;;10004;2;10005;28;;;10000.0;68.0
0;5900;AMETHYSTS;9996;2;9995;21;;;10004;2;10005;21;;;10000.0;68.0
0;5900;STARFRUIT;5031;23;;;;;5038;23;;;;;5034.5;26.34765625
0;6000;AMETHYSTS;9995;30;;;;;10002;10;10005;30;;;9998.5;68.0
0;6000;STARFRUIT;5031;30;;;;;5038;30;;;;;5034.5;25.625
0;6100;AMETHYSTS;9996;1;9995;24;;;10004;1;10005;24;;;10000.0;68.0
0;6100;STARFRUIT;5031;25;;;;;5037;1;5038;24;;;5034.0;21.57421875
0;6200;STARFRUIT;5036;1;5031;30;;;5038;30;;;;;5037.0;22.73046875
0;6200;AMETHYSTS;9998;3;9996;1;9995;29;10004;1;10005;29;;;10001.0;68.0
0;6300;AMETHYSTS;9995;22;;;;;10005;22;;;;;10000.0;68.0
0;6300;STARFRUIT;5030;22;;;;;5037;22;;;;;5033.5;20.767578125
0;6400;AMETHYSTS;9996;1;9995;23;;;10002;6;10004;1;10005;23;9999.0;68.0
0;6400;STARFRUIT;5030;24;;;;;5036;1;5037;23;;;5033.0;49.265625
0;6500;AMETHYSTS;9995;22;;;;;10005;22;;;;;10000.0;68.0
0;6500;STARFRUIT;5029;22;;;;;5036;22;;;;;5032.5;50.13671875
0;6600;STARFRUIT;5030;29;;;;;5031;7;5036;2;5037;27;5030.5;49.15625
0;6600;AMETHYSTS;9996;2;9995;27;;;10004;2;10005;27;;;10000.0;68.0
0;6700;AMETHYSTS;9996;1;9995;30;;;10004;1;10005;30;;;10000.0;68.0
0;6700;STARFRUIT;5030;1;5029;30;;;5034;7;5036;31;;;5032.0;63.7958984375
0;6800;AMETHYSTS;10000;5;9996;2;9995;29;10004;2;10005;29;;;10002.0;68.0
0;6800;STARFRUIT;5033;4;5030;31;;;5037;31;;;;;5035.0;64.31494140625
0;6900;AMETHYSTS;9996;2;9995;27;;;10004;2;10005;27;;;10000.0;68.0
0;6900;STARFRUIT;5030;29;;;;;5035;3;5037;29;;;5032.5;62.92578125
0;7000;STARFRUIT;5030;8;5029;30;;;5036;31;;;;;5033.0;64.625
0;7000;AMETHYSTS;9996;1;9995;30;;;10004;1;10005;30;;;10000.0;68.0
0;7100;AMETHYSTS;9996;1;9995;30;;;9998;5;10002;7;10004;1;9997.0;68.0
0;7100;STARFRUIT;5030;1;5029;30;;;5036;31;;;;;5033.0;64.5859375
0;7200;AMETHYSTS;9996;1;9995;22;;;10002;1;10004;1;10005;22;9999.0;78.0
0;7200;STARFRUIT;5031;6;5030;23;;;5036;1;5037;22;;;5033.5;63.455078125
0;7300;AMETHYSTS;9996;1;9995;25;;;10004;1;10005;25;;;10000.0;102.0
0;7300;STARFRUIT;5030;26;;;;;5036;1;5037;25;;;5033.0;63.87109375
0;7400;STARFRUIT;5030;22;;;;;5037;22;;;;;5033.5;63.427734375
0;7400;AMETHYSTS;10002;1;9995;22;;;10005;22;;;;;10003.5;102.0
0;7500;AMETHYSTS;9995;29;;;;;10005;29;;;;;10000.0;104.0
0;7500;STARFRUIT;5030;29;;;;;5035;3;5037;29;;;5032.5;89.6875
0;7600;AMETHYSTS;10002;1;9995;27;;;10005;27;;;;;10003.5;104.0
0;7600;STARFRUIT;5031;27;;;;;5038;27;;;;;5034.5;82.515625
0;7700;STARFRUIT;5030;26;;;;;5037;26;;;;;5033.5;91.484375
0;7700;AMETHYSTS;9996;1;9995;25;;;10002;5;10004;1;10005;25;9999.0;106.0
0;7800;AMETHYSTS;9995;23;;;;;10005;23;;;;;10000.0;106.0
0;7800;STARFRUIT;5031;1;5030;23;;;5037;23;;;;;5034.0;91.078125
0;7900;AMETHYSTS;9996;2;9995;22;;;10002;7;10004;2;10005;22;9999.0;106.0
0;7900;STARFRUIT;5030;24;;;;;5037;24;;;;;5033.5;95.8515625
0;8000;AMETHYSTS;10000;3;9996;2;9995;28;10004;2;10005;28;;;10002.0;106.0
0;8000;STARFRUIT;5036;1;5033;3;5031;2;5037;30;;;;;5036.5;88.3515625
0;8100;STARFRUIT;5030;25;;;;;5037;25;;;;;5033.5;90.296875
0;8100;AMETHYSTS;9995;25;;;;;10005;25;;;;;10000.0;106.0
0;8200;AMETHYSTS;9996;2;9995;25;;;10004;2;10005;25;;;10000.0;106.0
0;8200;STARFRUIT;5030;27;;;;;5037;27;;;;;5033.5;93.5625
0;8300;AMETHYSTS;9998;9;9995;28;;;10005;28;;;;;10001.5;109.0
0;8300;STARFRUIT;5030;28;;;;;5037;28;;;;;5033.5;94.1015625
0;8400;AMETHYSTS;9998;5;9995;29;;;10005;29;;;;;10001.5;109.0
0;8400;STARFRUIT;5031;29;;;;;5038;29;;;;;5034.5;88.7109375
0;8500;STARFRUIT;5032;8;5031;27;;;5037;2;5038;25;;;5034.5;90.1953125
0;8500;AMETHYSTS;9996;2;9995;25;;;10004;2;10005;25;;;10000.0;109.0
0;8600;AMETHYSTS;9996;2;9995;27;;;10004;2;10005;27;;;10000.0;109.0
0;8600;STARFRUIT;5031;29;;;;;5037;2;5038;27;;;5034.0;91.5390625
0;8700;AMETHYSTS;9996;2;9995;22;;;10004;2;10005;22;;;10000.0;109.0
0;8700;STARFRUIT;5035;1;5031;8;5030;24;5037;24;;;;;5036.0;102.296875
0;8800;AMETHYSTS;9996;1;9995;30;;;10004;1;10005;30;;;10000.0;109.0
0;8800;STARFRUIT;5030;31;;;;;5037;31;;;;;5033.5;101.6328125
0;8900;STARFRUIT;5031;2;5030;26;;;5037;26;;;;;5034.0;105.3125
0;8900;AMETHYSTS;9995;26;;;;;10005;26;;;;;10000.0;109.0
0;9000;AMETHYSTS;9995;23;;;;;10005;23;;;;;10000.0;109.0
0;9000;STARFRUIT;5030;23;;;;;5037;23;;;;;5033.5;107.0625
0;9100;AMETHYSTS;9995;22;;;;;9998;1;10005;22;;;9996.5;109.0
0;9100;STARFRUIT;5030;5;5029;22;;;5036;22;;;;;5033.0;112.2109375
0;9200;AMETHYSTS;9996;2;9995;25;;;10004;2;10005;25;;;10000.0;111.0
0;9200;STARFRUIT;5030;5;5029;25;;;5036;27;;;;;5033.0;110.6171875
0;9300;STARFRUIT;5030;1;5029;29;;;5036;30;;;;;5033.0;111.34375
0;9300;AMETHYSTS;10002;11;9998;1;9996;1;10004;1;10005;29;;;10003.0;111.0
0;9400;AMETHYSTS;10002;1;9996;2;9995;28;10004;2;10005;28;;;10003.0;121.0
0;9400;STARFRUIT;5031;3;5030;30;;;5036;2;5037;28;;;5033.5;106.1484375
0;9500;AMETHYSTS;10002;1;9996;2;9995;24;10004;2;10005;24;;;10003.0;123.0
0;9500;STARFRUIT;5030;2;5029;24;;;5036;26;;;;;5033.0;112.0
0;9600;AMETHYSTS;9996;1;9995;20;;;10002;6;10004;1;10005;20;9999.0;125.0
0;9600;STARFRUIT;5029;21;;;;;5036;21;;;;;5032.5;115.6171875
0;9700;STARFRUIT;5029;31;;;;;5032;5;5034;5;5036;31;5030.5;117.3359375
0;9700;AMETHYSTS;9996;1;9995;30;;;10000;4;10004;1;10005;30;9998.0;125.0
0;9800;AMETHYSTS;9998;1;9996;2;9995;24;10004;2;10005;24;;;10001.0;125.0
0;9800;STARFRUIT;5029;26;;;;;5036;26;;;;;5032.5;119.3359375
0;9900;AMETHYSTS;9995;24;;;;;10005;24;;;;;10000.0;125.0
0;9900;STARFRUIT;5029;24;;;;;5036;24;;;;;5032.5;122.0234375
0;10000;AMETHYSTS;9995;27;;;;;10005;27;;;;;10000.0;125.0
0;10000;STARFRUIT;5029;27;;;;;5036;27;;;;;5032.5;121.9453125
0;10100;STARFRUIT;5028;21;;;;;5033;5;5035;21;;;5030.5;130.7421875
0;10100;AMETHYSTS;10002;4;9996;1;9995;20;10004;1;10005;20;;;10003.0;125.0
0;10200;AMETHYSTS;9995;20;;;;;10005;20;;;;;10000.0;133.0
0;10200;STARFRUIT;5028;20;;;;;5035;20;;;;;5031.5;130.3984375
0;10300;AMETHYSTS;9996;1;9995;24;;;10004;1;10005;24;;;10000.0;133.0
0;10300;STARFRUIT;5030;5;5029;25;;;5035;1;5036;24;;;5032.5;126.078125
0;10400;AMETHYSTS;9995;25;;;;;10005;25;;;;;10000.0;133.0
0;10400;STARFRUIT;5029;25;;;;;5036;25;;;;;5032.5;125.2578125
0;10500;STARFRUIT;5030;8;5029;26;;;5037;26;;;;;5033.5;113.078125
0;10500;AMETHYSTS;9995;26;;;;;10005;26;;;;;10000.0;133.0
0;10600;AMETHYSTS;9995;20;;;;;10005;20;;;;;10000.0;133.0
0;10600;STARFRUIT;5034;3;5029;20;;;5036;20;;;;;5035.0;120.3046875
0;10700;AMETHYSTS;9995;24;;;;;9998;3;10005;24;;;9996.5;133.0
0;10700;STARFRUIT;5030;7;5029;24;;;5036;24;;;;;5033.0;132.6171875
0;10800;AMETHYSTS;9995;23;;;;;10002;1;10005;23;;;9998.5;139.0
0;10800;STARFRUIT;5030;6;5029;23;;;5036;23;;;;;5033.0;131.8125
0;10900;STARFRUIT;5029;1;5028;22;;;5031;6;5035;23;;;5030.0;145.3203125
0;10900;AMETHYSTS;9996;1;9995;22;;;10000;6;10004;1;10005;22;9998.0;139.0
0;11000;AMETHYSTS;9996;1;9995;26;;;10004;1;10005;26;;;10000.0;139.0
0;11000;STARFRUIT;5028;27;;;;;5033;2;5035;27;;;5030.5;150.30126953125
0;11100;AMETHYSTS;9996;1;9995;30;;;10002;1;10004;1;10005;30;9999.0;139.0
0;11100;STARFRUIT;5029;1;5028;31;;;5034;1;5035;30;;;5031.5;150.1796875
0;11200;AMETHYSTS;9996;2;9995;28;;;10004;2;10005;28;;;10000.0;139.0
0;11200;STARFRUIT;5028;2;5027;28;;;5032;5;5034;30;;;5030.0;149.78466796875
0;11300;STARFRUIT;5027;27;;;;;5034;27;;;;;5030.5;149.52001953125
0;11300;AMETHYSTS;9996;2;9995;25;;;10002;2;10004;2;10005;25;9999.0;139.0
0;11400;AMETHYSTS;9995;30;;;;;10005;30;;;;;10000.0;139.0
0;11400;STARFRUIT;5027;30;;;;;5034;30;;;;;5030.5;149.294921875
0;11500;AMETHYSTS;9996;1;9995;28;;;10004;1;10005;28;;;10000.0;139.0
0;11500;STARFRUIT;5027;29;;;;;5032;5;5034;29;;;5029.5;149.70751953125
0;11600;AMETHYSTS;9996;2;9995;22;;;10004;2;10005;22;;;10000.0;139.0
0;11600;STARFRUIT;5027;24;;;;;5032;7;5034;24;;;5029.5;149.572265625
0;11700;STARFRUIT;5029;4;5027;2;5026;20;5033;22;;;;;5031.0;148.81640625
0;11700;AMETHYSTS;10000;4;9996;2;9995;20;10004;2;10005;20;;;10002.0;139.0
0;11800;AMETHYSTS;9998;10;9996;1;9995;21;10004;1;10005;21;;;10001.0;139.0
0;11800;STARFRUIT;5026;22;;;;;5033;22;;;;;5029.5;148.47998046875
0;11900;AMETHYSTS;10002;1;10000;4;9998;1;10004;1;10005;22;;;10003.0;139.0
0;11900;STARFRUIT;5028;4;5026;1;5025;22;5032;23;;;;;5030.0;147.76611328125
0;12000;STARFRUIT;5025;28;;;;;5032;28;;;;;5028.5;147.43896484375
0;12000;AMETHYSTS;9996;1;9995;27;;;10004;1;10005;27;;;10000.0;141.0
0;12100;STARFRUIT;5026;2;5025;23;;;5032;25;;;;;5029.0;147.8623046875
0;12100;AMETHYSTS;9996;2;9995;23;;;9998;8;10004;2;10005;23;9997.0;141.0
0;12200;STARFRUIT;5025;25;;;;;5032;25;;;;;5028.5;147.7509765625
0;12200;AMETHYSTS;9996;2;9995;23;;;10004;2;10005;23;;;10000.0;157.0
0;12300;AMETHYSTS;9996;1;9995;24;;;10002;3;10004;1;10005;24;9999.0;157.0
0;12300;STARFRUIT;5026;5;5025;24;;;5032;25;;;;;5029.0;147.88916015625
0;12400;STARFRUIT;5026;29;;;;;5033;29;;;;;5029.5;148.20166015625
0;12400;AMETHYSTS;10002;1;9998;5;9995;29;10005;29;;;;;10003.5;157.0
0;12500;STARFRUIT;5029;3;5026;23;;;5033;23;;;;;5031.0;148.3203125
0;12500;AMETHYSTS;10000;3;9996;1;9995;22;10004;1;10005;22;;;10002.0;159.0
0;12600;STARFRUIT;5029;4;5026;26;;;5033;26;;;;;5031.0;147.2451171875
0;12600;AMETHYSTS;10000;4;9995;26;;;10005;26;;;;;10002.5;159.0
0;12700;AMETHYSTS;10002;1;9996;1;9995;27;10004;1;10005;27;;;10003.0;159.0
0;12700;STARFRUIT;5027;28;;;;;5034;28;;;;;5030.5;140.423828125
0;12800;STARFRUIT;5030;4;5027;30;;;5034;30;;;;;5032.0;139.21484375
0;12800;AMETHYSTS;10000;4;9996;2;9995;28;10002;9;10004;2;10005;28;10001.0;161.0
0;12900;STARFRUIT;5027;23;;;;;5032;2;5034;23;;;5029.5;137.625
0;12900;AMETHYSTS;9996;2;9995;21;;;10002;4;10004;2;10005;21;9999.0;161.0
0;13000;STARFRUIT;5027;32;;;;;5034;32;;;;;5030.5;135.98046875
0;13000;AMETHYSTS;9996;2;9995;30;;;10002;2;10004;2;10005;30;9999.0;161.0
0;13100;AMETHYSTS;9995;21;;;;;10000;2;10005;21;;;9997.5;161.0
0;13100;STARFRUIT;5028;21;;;;;5031;2;5035;21;;;5029.5;131.16015625
0;13200;STARFRUIT;5033;1;5029;7;5028;31;5035;31;;;;;5034.0;129.5703125
0;13200;AMETHYSTS;9998;9;9996;2;9995;29;10004;2;10005;29;;;10001.0;161.0
0;13300;STARFRUIT;5028;23;;;;;5035;23;;;;;5031.5;129.3125
0;13300;AMETHYSTS;10002;2;9996;1;9995;22;10004;1;10005;22;;;10003.0;161.0
0;13400;STARFRUIT;5028;26;;;;;5035;26;;;;;5031.5;129.2890625
0;13400;AMETHYSTS;9995;26;;;;;10005;26;;;;;10000.0;165.0
0;13500;AMETHYSTS;9996;1;9995;24;;;10004;1;10005;24;;;10000.0;165.0
0;13500;STARFRUIT;5028;25;;;;;5035;25;;;;;5031.5;131.1328125
0;13600;STARFRUIT;5028;26;;;;;5033;3;5035;26;;;5030.5;128.80078125
0;13600;AMETHYSTS;9996;2;9995;24;;;10002;6;10004;2;10005;24;9999.0;165.0
0;13700;STARFRUIT;5028;28;;;;;5035;28;;;;;5031.5;126.6875
0;13700;AMETHYSTS;10002;1;9995;28;;;10005;28;;;;;10003.5;165.0
0;13800;STARFRUIT;5028;23;;;;;5035;23;;;;;5031.5;125.57421875
0;13800;AMETHYSTS;9998;1;9995;23;;;10005;23;;;;;10001.5;167.0
0;13900;AMETHYSTS;9996;1;9995;20;;;10004;1;10005;20;;;10000.0;167.0
0;13900;STARFRUIT;5029;21;;;;;5031;3;5036;21;;;5030.0;119.83984375
0;14000;STARFRUIT;5030;3;5029;28;;;5036;29;;;;;5033.0;122.81640625
0;14000;AMETHYSTS;10002;6;9998;1;9996;1;10004;1;10005;28;;;10003.0;167.0
0;14100;STARFRUIT;5029;22;;;;;5036;22;;;;;5032.5;125.47265625
0;14100;AMETHYSTS;9996;2;9995;20;;;10002;4;10004;2;10005;20;9999.0;179.0
0;14200;STARFRUIT;5029;21;;;;;5036;21;;;;;5032.5;164.109375
0;14200;AMETHYSTS;9995;21;;;;;10005;21;;;;;10000.0;179.0
0;14300;AMETHYSTS;9996;1;9995;21;;;10004;1;10005;21;;;10000.0;179.0
0;14300;STARFRUIT;5029;1;5028;21;;;5035;22;;;;;5032.0;158.27734375
0;14400;STARFRUIT;5029;22;;;;;5036;23;;;;;5032.5;163.2890625
0;14400;AMETHYSTS;10002;4;9996;2;9995;21;10004;2;10005;21;;;10003.0;179.0
0;14500;AMETHYSTS;9996;1;9995;28;;;10002;10;10004;1;10005;28;9999.0;187.0
0;14500;STARFRUIT;5029;29;;;;;5034;6;5036;29;;;5031.5;167.9921875
0;14600;AMETHYSTS;9996;1;9995;27;;;10004;1;10005;27;;;10000.0;187.0
0;14600;STARFRUIT;5029;1;5028;27;;;5030;3;5035;1;5036;27;5029.5;162.8203125
0;14700;AMETHYSTS;9996;1;9995;23;;;10004;1;10005;23;;;10000.0;187.0
0;14700;STARFRUIT;5029;24;;;;;5034;2;5035;1;5036;23;5031.5;169.8046875
0;14800;STARFRUIT;5029;1;5028;30;;;5033;3;5035;31;;;5031.0;166.6328125
0;14800;AMETHYSTS;9996;1;9995;30;;;9998;1;10004;1;10005;30;9997.0;187.0
0;14900;AMETHYSTS;9996;1;9995;25;;;10002;1;10004;1;10005;25;9999.0;189.0
0;14900;STARFRUIT;5032;4;5028;26;;;5035;26;;;;;5033.5;158.5390625
0;15000;AMETHYSTS;9996;2;9995;25;;;10004;2;10005;25;;;10000.0;189.0
0;15000;STARFRUIT;5029;6;5028;25;;;5035;27;;;;;5032.0;168.68359375
0;15100;AMETHYSTS;9996;1;9995;20;;;9998;1;10004;1;10005;20;9997.0;189.0
0;15100;STARFRUIT;5028;21;;;;;5035;21;;;;;5031.5;162.4921875
0;15200;STARFRUIT;5031;4;5029;4;5028;23;5035;23;;;;;5033.0;164.8984375
0;15200;AMETHYSTS;10000;4;9996;2;9995;21;10002;4;10004;2;10005;21;10001.0;191.0
0;15300;AMETHYSTS;9996;2;9995;22;;;10002;7;10004;2;10005;22;9999.0;191.0
0;15300;STARFRUIT;5028;2;5027;22;;;5033;6;5034;2;5035;22;5030.5;158.0
0;15400;AMETHYSTS;9995;30;;;;;10005;30;;;;;10000.0;191.0
0;15400;STARFRUIT;5027;30;;;;;5034;30;;;;;5030.5;158.0
0;15500;AMETHYSTS;9995;25;;;;;9998;11;10005;25;;;9996.5;191.0
0;15500;STARFRUIT;5028;25;;;;;5035;25;;;;;5031.5;158.0
0;15600;STARFRUIT;5028;23;;;;;5034;1;5035;22;;;5031.0;158.0
0;15600;AMETHYSTS;9996;1;9995;22;;;10004;1;10005;22;;;10000.0;213.0
0;15700;AMETHYSTS;9996;2;9995;28;;;10004;2;10005;28;;;10000.0;213.0
0;15700;STARFRUIT;5028;30;;;;;5033;1;5034;2;5035;28;5030.5;158.0
0;15800;AMETHYSTS;9998;6;9996;2;9995;26;10004;2;10005;26;;;10001.0;213.0
0;15800;STARFRUIT;5029;4;5028;28;;;5035;28;;;;;5032.0;158.0
0;15900;AMETHYSTS;9996;1;9995;20;;;10002;8;10004;1;10005;20;9999.0;219.0
0;15900;STARFRUIT;5029;1;5028;20;;;5030;3;5035;21;;;5029.5;162.2578125
0;16000;STARFRUIT;5029;22;;;;;5034;4;5036;22;;;5031.5;168.25146484375
0;16000;AMETHYSTS;9996;2;9995;20;;;10004;2;10005;20;;;10000.0;219.0
0;16100;AMETHYSTS;9996;1;9995;26;;;10004;1;10005;26;;;10000.0;219.0
0;16100;STARFRUIT;5029;27;;;;;5031;2;5034;8;5036;27;5030.0;168.56298828125
0;16200;AMETHYSTS;9995;27;;;;;10002;4;10005;27;;;9998.5;219.0
0;16200;STARFRUIT;5029;26;;;;;5036;27;;;;;5032.5;170.1904296875
0;16300;AMETHYSTS;9996;1;9995;21;;;10004;1;10005;21;;;10000.0;219.0
0;16300;STARFRUIT;5029;22;;;;;5036;22;;;;;5032.5;170.7939453125
0;16400;AMETHYSTS;9996;2;9995;25;;;10002;6;10004;2;10005;25;9999.0;223.0
0;16400;STARFRUIT;5028;27;;;;;5033;7;5035;27;;;5030.5;169.275390625
0;16500;AMETHYSTS;9995;22;;;;;10005;22;;;;;10000.0;223.0
0;16500;STARFRUIT;5028;22;;;;;5033;1;5035;22;;;5030.5;167.12890625
0;16600;AMETHYSTS;9995;26;;;;;10005;26;;;;;10000.0;223.0
0;16600;STARFRUIT;5029;7;5028;26;;;5035;26;;;;;5032.0;167.171875
0;16700;STARFRUIT;5028;25;;;;;5035;25;;;;;5031.5;167.87109375
0;16700;AMETHYSTS;10002;1;9998;2;9995;25;10005;25;;;;;10003.5;223.0
0;16800;AMETHYSTS;10000;2;9996;2;9995;25;10004;2;10005;25;;;10002.0;225.0
0;16800;STARFRUIT;5031;2;5028;27;;;5035;27;;;;;5033.0;168.150390625
0;16900;AMETHYSTS;9996;2;9995;22;;;10004;2;10005;22;;;10000.0;225.0
0;16900;STARFRUIT;5028;24;;;;;5035;24;;;;;5031.5;167.9609375
0;17000;AMETHYSTS;9996;1;9995;25;;;10004;1;10005;25;;;10000.0;225.0
0;17000;STARFRUIT;5029;1;5028;26;;;5034;1;5035;25;;;5031.5;167.177734375
0;17100;STARFRUIT;5028;1;5027;26;;;5034;27;;;;;5031.0;166.626953125
0;17100;AMETHYSTS;9996;1;9995;26;;;10004;1;10005;26;;;10000.0;225.0
0;17200;AMETHYSTS;9996;1;9995;27;;;10004;1;10005;27;;;10000.0;225.0
0;17200;STARFRUIT;5028;5;5027;28;;;5034;28;;;;;5031.0;164.7998046875
0;17300;AMETHYSTS;9996;1;9995;27;;;10004;1;10005;27;;;10000.0;225.0
0;17300;STARFRUIT;5026;28;;;;;5031;6;5032;1;5033;27;5028.5;161.23828125
0;17400;AMETHYSTS;9995;25;;;;;9998;11;10005;25;;;9996.5;225.0
0;17400;STARFRUIT;5030;3;5026;2;5025;25;5032;25;;;;;5031.0;160.6748046875
0;17500;STARFRUIT;5026;28;;;;;5033;28;;;;;5029.5;167.3388671875
0;17500;AMETHYSTS;9996;2;9995;26;;;10004;2;10005;26;;;10000.0;247.0
0;17600;AMETHYSTS;9996;1;9995;29;;;10004;1;10005;29;;;10000.0;247.0
0;17600;STARFRUIT;5027;3;5026;30;;;5032;1;5033;29;;;5029.5;203.3984375
0;17700;AMETHYSTS;9998;2;9995;22;;;10005;22;;;;;10001.5;247.0
0;17700;STARFRUIT;5026;22;;;;;5033;22;;;;;5029.5;198.25
0;17800;AMETHYSTS;9996;2;9995;30;;;9998;3;10002;5;10004;2;9997.0;247.0
0;17800;STARFRUIT;5026;32;;;;;5031;5;5033;32;;;5028.5;194.3046875
0;17900;STARFRUIT;5032;1;5029;2;5026;21;5033;21;;;;;5032.5;194.8125
0;17900;AMETHYSTS;9995;21;;;;;9998;1;10002;3;10005;21;9996.5;251.0
0;18000;AMETHYSTS;9995;24;;;;;10005;24;;;;;10000.0;251.0
0;18000;STARFRUIT;5026;24;;;;;5033;24;;;;;5029.5;201.3984375
0;18100;AMETHYSTS;9996;2;9995;28;;;10004;2;10005;28;;;10000.0;251.0
0;18100;STARFRUIT;5026;30;;;;;5033;30;;;;;5029.5;201.5390625
0;18200;AMETHYSTS;9996;2;9995;23;;;10002;10;10004;2;10005;23;9999.0;251.0
0;18200;STARFRUIT;5027;25;;;;;5033;2;5034;23;;;5030.0;215.82421875
0;18300;STARFRUIT;5027;20;;;;;5034;20;;;;;5030.5;216.62109375
0;18300;AMETHYSTS;9995;20;;;;;10005;20;;;;;10000.0;260.0
0;18400;AMETHYSTS;9996;1;9995;21;;;10004;1;10005;21;;;10000.0;260.0
0;18400;STARFRUIT;5032;1;5027;22;;;5033;1;5034;21;;;5032.5;217.30859375
0;18500;AMETHYSTS;9996;2;9995;21;;;10004;2;10005;21;;;10000.0;260.0
0;18500;STARFRUIT;5027;23;;;;;5029;1;5034;23;;;5028.0;215.875
0;18600;AMETHYSTS;9996;1;9995;21;;;10004;1;10005;21;;;10000.0;260.0
0;18600;STARFRUIT;5028;22;;;;;5029;9;5035;22;;;5028.5;212.5703125
0;18700;STARFRUIT;5028;30;;;;;5035;30;;;;;5031.5;235.3359375
0;18700;AMETHYSTS;10002;1;9995;30;;;10005;30;;;;;10003.5;260.0
0;18800;AMETHYSTS;9995;24;;;;;10002;7;10005;24;;;9998.5;262.0
0;18800;STARFRUIT;5028;24;;;;;5035;24;;;;;5031.5;234.4443359375
0;18900;AMETHYSTS;10002;1;9995;25;;;10005;25;;;;;10003.5;262.0
0;18900;STARFRUIT;5030;7;5029;25;;;5036;25;;;;;5033.0;236.7880859375
0;19000;AMETHYSTS;9996;1;9995;30;;;10004;1;10005;30;;;10000.0;264.0
0;19000;STARFRUIT;5029;31;;;;;5036;31;;;;;5032.5;230.0
0;19100;STARFRUIT;5030;2;5029;21;;;5036;23;;;;;5033.0;230.0
0;19100;AMETHYSTS;9996;2;9995;21;;;10004;2;10005;21;;;10000.0;264.0
0;19200;AMETHYSTS;9995;26;;;;;10002;1;10005;26;;;9998.5;264.0
0;19200;STARFRUIT;5030;26;;;;;5037;26;;;;;5033.5;230.0
0;19300;AMETHYSTS;9996;2;9995;23;;;9998;6;10004;2;10005;23;9997.0;264.0
0;19300;STARFRUIT;5032;2;5031;23;;;5038;25;;;;;5035.0;230.0
0;19400;AMETHYSTS;9996;2;9995;24;;;10002;5;10004;2;10005;24;9999.0;276.0
0;19400;STARFRUIT;5032;26;;;;;5038;2;5039;24;;;5035.0;230.0
0;19500;STARFRUIT;5031;23;;;;;5038;23;;;;;5034.5;230.0
0;19500;AMETHYSTS;9995;23;;;;;10005;23;;;;;10000.0;276.0
0;19600;AMETHYSTS;10002;1;9998;5;9996;1;10004;1;10005;26;;;10003.0;276.0
0;19600;STARFRUIT;5032;27;;;;;5038;1;5039;26;;;5035.0;273.8046875
0;19700;AMETHYSTS;9996;2;9995;29;;;10004;2;10005;29;;;10000.0;278.0
0;19700;STARFRUIT;5032;31;;;;;5039;31;;;;;5035.5;304.8359375
0;19800;AMETHYSTS;9996;2;9995;26;;;10004;2;10005;26;;;10000.0;278.0
0;19800;STARFRUIT;5033;2;5032;26;;;5039;28;;;;;5036.0;305.724609375
0;19900;STARFRUIT;5033;1;5032;22;;;5039;23;;;;;5036.0;305.552734375
0;19900;AMETHYSTS;9996;1;9995;22;;;9998;1;10004;1;10005;22;9997.0;278.0
0;20000;AMETHYSTS;9995;26;;;;;9998;1;10005;26;;;9996.5;295.0
0;20000;STARFRUIT;5032;26;;;;;5037;4;5039;26;;;5034.5;304.953125
0;20100;AMETHYSTS;9996;1;9995;29;;;9998;4;10004;1;10005;29;9997.0;295.0
0;20100;STARFRUIT;5033;30;;;;;5038;4;5039;1;5040;29;5035.5;303.37109375
0;20200;AMETHYSTS;10002;1;9995;20;;;10005;20;;;;;10003.5;295.0
0;20200;STARFRUIT;5032;20;;;;;5039;20;;;;;5035.5;299.8359375
0;20300;STARFRUIT;5032;24;;;;;5039;24;;;;;5035.5;301.359375
0;20300;AMETHYSTS;10002;4;9995;24;;;10005;24;;;;;10003.5;295.0
0;20400;AMETHYSTS;10002;2;9996;1;9995;27;10004;1;10005;27;;;10003.0;295.0
0;20400;STARFRUIT;5032;28;;;;;5033;3;5039;28;;;5032.5;296.703125
0;20500;AMETHYSTS;9998;7;9996;1;9995;25;10004;1;10005;25;;;10001.0;295.0
0;20500;STARFRUIT;5032;26;;;;;5033;8;5039;26;;;5032.5;306.59375
0;20600;AMETHYSTS;9996;1;9995;24;;;9998;4;10002;5;10004;1;9997.0;295.0
0;20600;STARFRUIT;5033;25;;;;;5040;25;;;;;5036.5;340.6484375
0;20700;STARFRUIT;5038;2;5034;3;5033;30;5041;30;;;;;5039.5;357.7890625
0;20700;AMETHYSTS;9995;30;;;;;10005;30;;;;;10000.0;289.0
0;20800;AMETHYSTS;9996;2;9995;24;;;10004;2;10005;24;;;10000.0;289.0
0;20800;STARFRUIT;5034;26;;;;;5040;2;5041;24;;;5037.0;361.671875
0;20900;AMETHYSTS;9996;2;9995;29;;;10004;2;10005;29;;;10000.0;289.0
0;20900;STARFRUIT;5034;31;;;;;5035;1;5041;31;;;5034.5;368.09375
0;21000;STARFRUIT;5034;26;;;;;5041;26;;;;;5037.5;371.84375
0;21000;AMETHYSTS;9996;1;9995;25;;;10004;1;10005;25;;;10000.0;289.0
0;21100;STARFRUIT;5034;28;;;;;5037;2;5041;28;;;5035.5;367.40625
0;21100;AMETHYSTS;9995;28;;;;;10000;2;10005;28;;;9997.5;289.0
0;21200;STARFRUIT;5040;1;5034;29;;;5041;29;;;;;5040.5;375.140625
0;21200;AMETHYSTS;9995;29;;;;;9998;1;10005;29;;;9996.5;289.0
0;21300;AMETHYSTS;9995;22;;;;;10005;22;;;;;10000.0;289.0
0;21300;STARFRUIT;5034;22;;;;;5040;2;5042;22;;;5037.0;382.3515625
0;21400;STARFRUIT;5035;1;5034;29;;;5041;30;;;;;5038.0;380.3046875
0;21400;AMETHYSTS;9996;1;9995;29;;;10004;1;10005;29;;;10000.0;289.0
0;21500;STARFRUIT;5034;28;;;;;5035;5;5041;30;;;5034.5;380.5
0;21500;AMETHYSTS;9996;2;9995;28;;;10004;2;10005;28;;;10000.0;289.0
0;21600;STARFRUIT;5035;22;;;;;5042;22;;;;;5038.5;396.703125
0;21600;AMETHYSTS;9998;5;9996;2;9995;20;10004;2;10005;20;;;10001.0;289.0
0;21700;AMETHYSTS;9996;2;9995;25;;;10004;2;10005;25;;;10000.0;289.0
0;21700;STARFRUIT;5035;6;5034;25;;;5041;2;5042;25;;;5038.0;390.875
0;21800;STARFRUIT;5035;26;;;;;5042;26;;;;;5038.5;403.796875
0;21800;AMETHYSTS;9996;1;9995;25;;;10004;1;10005;25;;;10000.0;289.0
0;21900;STARFRUIT;5035;27;;;;;5042;27;;;;;5038.5;402.984375
0;21900;AMETHYSTS;9995;27;;;;;10002;3;10005;27;;;9998.5;289.0
0;22000;STARFRUIT;5035;22;;;;;5042;22;;;;;5038.5;404.2421875
0;22000;AMETHYSTS;9996;2;9995;20;;;10004;2;10005;20;;;10000.0;289.0
0;22100;AMETHYSTS;9995;22;;;;;10005;22;;;;;10000.0;289.0
0;22100;STARFRUIT;5035;22;;;;;5040;4;5042;22;;;5037.5;398.96875
0;22200;STARFRUIT;5036;3;5035;23;;;5042;23;;;;;5039.0;408.8203125
0;22200;AMETHYSTS;10002;1;9995;23;;;10005;23;;;;;10003.5;289.0
0;22300;STARFRUIT;5036;30;;;;;5043;30;;;;;5039.5;417.9921875
0;22300;AMETHYSTS;9996;2;9995;28;;;10004;2;10005;28;;;10000.0;289.0
0;22400;STARFRUIT;5036;24;;;;;5043;24;;;;;5039.5;424.7421875
0;22400;AMETHYSTS;9996;1;9995;23;;;10002;2;10004;1;10005;23;9999.0;289.0
0;22500;AMETHYSTS;9998;2;9995;27;;;10005;27;;;;;10001.5;289.0
0;22500;STARFRUIT;5041;1;5036;27;;;5043;27;;;;;5042.0;413.65625
0;22600;STARFRUIT;5042;1;5041;4;5037;4;5043;26;;;;;5042.5;424.0625
0;22600;AMETHYSTS;9998;5;9996;1;9995;25;10004;1;10005;25;;;10001.0;289.0
0;22700;STARFRUIT;5036;26;;;;;5042;1;5043;25;;;5039.0;415.984375
0;22700;AMETHYSTS;9996;1;9995;25;;;10002;9;10004;1;10005;25;9999.0;289.0
0;22800;STARFRUIT;5036;27;;;;;5043;27;;;;;5039.5;419.875
0;22800;AMETHYSTS;10002;1;9996;1;9995;26;10004;1;10005;26;;;10003.0;289.0
0;22900;AMETHYSTS;10002;2;9996;1;9995;22;10004;1;10005;22;;;10003.0;289.0
0;22900;STARFRUIT;5036;23;;;;;5037;1;5041;4;5043;23;5036.5;428.7734375
0;23000;STARFRUIT;5042;1;5037;1;5036;20;5043;21;;;;;5042.5;431.6875
0;23000;AMETHYSTS;9996;1;9995;20;;;10002;2;10004;1;10005;20;9999.0;289.0
0;23100;STARFRUIT;5038;7;5037;28;;;5043;2;5044;26;;;5040.5;442.0
0;23100;AMETHYSTS;9996;2;9995;26;;;10004;2;10005;26;;;10000.0;289.0
0;23200;AMETHYSTS;9996;1;9995;24;;;10002;4;10004;1;10005;24;9999.0;289.0
0;23200;STARFRUIT;5037;2;5036;24;;;5043;25;;;;;5040.0;436.0078125
0;23300;AMETHYSTS;9996;2;9995;21;;;10004;2;10005;21;;;10000.0;289.0
0;23300;STARFRUIT;5037;2;5036;21;;;5043;2;5044;21;;;5040.0;437.59375
0;23400;STARFRUIT;5037;1;5036;29;;;5043;1;5044;29;;;5040.0;437.9140625
0;23400;AMETHYSTS;9996;1;9995;29;;;10004;1;10005;29;;;10000.0;289.0
0;23500;AMETHYSTS;9996;1;9995;30;;;10004;1;10005;30;;;10000.0;289.0
0;23500;STARFRUIT;5038;3;5037;31;;;5044;31;;;;;5041.0;447.609375
0;23600;AMETHYSTS;9996;2;9995;25;;;10004;2;10005;25;;;10000.0;289.0
0;23600;STARFRUIT;5037;1;5036;25;;;5043;27;;;;;5040.0;439.96875
0;23700;AMETHYSTS;9996;1;9995;20;;;10004;1;10005;20;;;10000.0;289.0
0;23700;STARFRUIT;5042;1;5037;21;;;5043;1;5044;20;;;5042.5;441.671875
0;23800;STARFRUIT;5037;22;;;;;5044;22;;;;;5040.5;442.015625
0;23800;AMETHYSTS;9995;22;;;;;10005;22;;;;;10000.0;289.0
0;23900;AMETHYSTS;9995;27;;;;;10005;27;;;;;10000.0;289.0
0;23900;STARFRUIT;5037;27;;;;;5044;27;;;;;5040.5;442.25
0;24000;AMETHYSTS;9995;29;;;;;10005;29;;;;;10000.0;289.0
0;24000;STARFRUIT;5038;6;5037;29;;;5044;29;;;;;5041.0;456.0390625
0;24100;AMETHYSTS;9996;2;9995;20;;;10004;2;10005;20;;;10000.0;289.0
0;24100;STARFRUIT;5037;22;;;;;5044;22;;;;;5040.5;454.6015625
0;24200;STARFRUIT;5038;24;;;;;5043;8;5044;1;5045;23;5040.5;463.859375
0;24200;AMETHYSTS;9996;1;9995;23;;;10002;7;10004;1;10005;23;9999.0;289.0
0;24300;AMETHYSTS;10002;1;9995;27;;;10005;27;;;;;10003.5;289.0
0;24300;STARFRUIT;5038;26;;;;;5043;5;5045;27;;;5040.5;462.5546875
0;24400;AMETHYSTS;9996;1;9995;28;;;10004;1;10005;28;;;10000.0;289.0
0;24400;STARFRUIT;5038;9;5037;28;;;5044;29;;;;;5041.0;457.59375
0;24500;AMETHYSTS;9996;2;9995;24;;;10002;10;10004;2;10005;24;9999.0;289.0
0;24500;STARFRUIT;5037;26;;;;;5044;26;;;;;5040.5;448.3125
0;24600;STARFRUIT;5038;2;5037;22;;;5044;24;;;;;5041.0;457.3359375
0;24600;AMETHYSTS;9996;2;9995;22;;;10002;10;10004;2;10005;22;9999.0;289.0
0;24700;AMETHYSTS;9996;2;9995;20;;;10004;2;10005;20;;;10000.0;289.0
0;24700;STARFRUIT;5037;22;;;;;5044;22;;;;;5040.5;451.796875
0;24800;AMETHYSTS;9995;28;;;;;10005;28;;;;;10000.0;289.0
0;24800;STARFRUIT;5037;28;;;;;5044;28;;;;;5040.5;451.78125
0;24900;AMETHYSTS;9998;7;9995;24;;;10005;24;;;;;10001.5;289.0
0;24900;STARFRUIT;5037;24;;;;;5044;24;;;;;5040.5;447.796875
0;25000;STARFRUIT;5037;28;;;;;5043;1;5044;27;;;5040.0;443.609375
0;25000;AMETHYSTS;10002;1;9996;1;9995;27;10004;1;10005;27;;;10003.0;289.0
0;25100;AMETHYSTS;9998;8;9996;1;9995;26;10004;1;10005;26;;;10001.0;289.0
0;25100;STARFRUIT;5036;27;;;;;5043;27;;;;;5039.5;436.2734375
0;25200;AMETHYSTS;9996;2;9995;24;;;10000;4;10004;2;10005;24;9998.0;289.0
0;25200;STARFRUIT;5037;6;5036;26;;;5039;4;5043;26;;;5038.0;435.78125
0;25300;STARFRUIT;5036;22;;;;;5042;1;5043;21;;;5039.0;423.3046875
0;25300;AMETHYSTS;9998;9;9996;1;9995;21;10004;1;10005;21;;;10001.0;289.0
0;25400;AMETHYSTS;10002;3;9996;2;9995;27;10004;2;10005;27;;;10003.0;289.0
0;25400;STARFRUIT;5035;29;;;;;5042;29;;;;;5038.5;416.265625
0;25500;AMETHYSTS;9996;1;9995;23;;;10004;1;10005;23;;;10000.0;289.0
0;25500;STARFRUIT;5036;1;5035;23;;;5040;6;5042;24;;;5038.0;419.0
0;25600;AMETHYSTS;9995;24;;;;;10005;24;;;;;10000.0;289.0
0;25600;STARFRUIT;5035;24;;;;;5040;6;5042;24;;;5037.5;411.5078125
0;25700;STARFRUIT;5036;1;5035;24;;;5042;1;5043;24;;;5039.0;421.2734375
0;25700;AMETHYSTS;9996;1;9995;24;;;10004;1;10005;24;;;10000.0;289.0
0;25800;AMETHYSTS;10002;1;9996;2;9995;27;10004;2;10005;27;;;10003.0;289.0
0;25800;STARFRUIT;5037;29;;;;;5043;2;5044;27;;;5040.0;441.515625
0;25900;AMETHYSTS;9996;2;9995;27;;;10004;2;10005;27;;;10000.0;289.0
0;25900;STARFRUIT;5037;29;;;;;5044;29;;;;;5040.5;448.515625
0;26000;AMETHYSTS;9995;27;;;;;10005;27;;;;;10000.0;295.0
0;26000;STARFRUIT;5042;1;5037;27;;;5044;27;;;;;5043.0;450.6640625
0;26100;STARFRUIT;5042;1;5038;2;5037;25;5043;1;5044;24;;;5042.5;451.0859375
0;26100;AMETHYSTS;10002;1;9998;3;9996;1;10004;1;10005;24;;;10003.0;295.0
0;26200;AMETHYSTS;10002;1;9996;2;9995;27;10004;2;10005;27;;;10003.0;297.0
0;26200;STARFRUIT;5037;29;;;;;5043;2;5044;27;;;5040.0;452.6796875
0;26300;AMETHYSTS;9996;1;9995;25;;;10002;1;10004;1;10005;25;9999.0;299.0
0;26300;STARFRUIT;5037;26;;;;;5038;1;5044;26;;;5037.5;462.2734375
0;26400;AMETHYSTS;9995;27;;;;;10005;27;;;;;10000.0;299.0
0;26400;STARFRUIT;5037;27;;;;;5044;27;;;;;5040.5;469.3046875
0;26500;STARFRUIT;5038;22;;;;;5044;1;5045;21;;;5041.0;473.6328125
0;26500;AMETHYSTS;9996;1;9995;21;;;10004;1;10005;21;;;10000.0;299.0
0;26600;AMETHYSTS;9996;2;9995;29;;;9998;4;10004;2;10005;29;9997.0;299.0
0;26600;STARFRUIT;5037;31;;;;;5044;31;;;;;5040.5;462.671875
0;26700;AMETHYSTS;9995;26;;;;;10005;26;;;;;10000.0;307.0
0;26700;STARFRUIT;5042;1;5038;8;5037;26;5044;26;;;;;5043.0;460.625
0;26800;AMETHYSTS;10002;1;9998;7;9995;20;10005;20;;;;;10003.5;307.0
0;26800;STARFRUIT;5037;20;;;;;5044;20;;;;;5040.5;464.515625
0;26900;STARFRUIT;5037;22;;;;;5044;22;;;;;5040.5;465.984375
0;26900;AMETHYSTS;9995;22;;;;;10005;22;;;;;10000.0;307.0
0;27000;AMETHYSTS;9998;2;9996;1;9995;26;10004;1;10005;26;;;10001.0;307.0
0;27000;STARFRUIT;5037;27;;;;;5042;6;5044;27;;;5039.5;460.4375
0;27100;AMETHYSTS;9996;2;9995;27;;;9998;1;10002;10;10004;2;9997.0;307.0
0;27100;STARFRUIT;5043;1;5037;29;;;5044;29;;;;;5043.5;465.4296875
0;27200;AMETHYSTS;9998;3;9996;2;9995;23;10004;2;10005;23;;;10001.0;307.0
0;27200;STARFRUIT;5042;1;5038;7;5037;25;5043;2;5044;23;;;5042.5;461.3125
0;27300;STARFRUIT;5037;25;;;;;5038;1;5044;25;;;5037.5;472.90625
0;27300;AMETHYSTS;9995;25;;;;;10002;8;10005;25;;;9998.5;307.0
0;27400;AMETHYSTS;9996;1;9995;22;;;9998;3;10004;1;10005;22;9997.0;307.0
0;27400;STARFRUIT;5041;6;5039;1;5038;22;5045;23;;;;;5043.0;488.609375
0;27500;AMETHYSTS;9995;30;;;;;10005;30;;;;;10000.0;298.0
0;27500;STARFRUIT;5038;30;;;;;5045;30;;;;;5041.5;483.0078125
0;27600;AMETHYSTS;9996;2;9995;26;;;10002;4;10004;2;10005;26;9999.0;298.0
0;27600;STARFRUIT;5043;1;5039;6;5038;28;5045;28;;;;;5044.0;480.921875
0;27700;STARFRUIT;5038;32;;;;;5045;32;;;;;5041.5;483.359375
0;27700;AMETHYSTS;9996;2;9995;30;;;10004;2;10005;30;;;10000.0;298.0
0;27800;AMETHYSTS;9998;2;9996;2;9995;20;10004;2;10005;20;;;10001.0;298.0
0;27800;STARFRUIT;5039;5;5038;22;;;5044;2;5045;20;;;5041.5;479.43359375
0;27900;AMETHYSTS;9995;29;;;;;10005;29;;;;;10000.0;298.0
0;27900;STARFRUIT;5038;29;;;;;5043;8;5045;29;;;5040.5;484.82421875
0;28000;AMETHYSTS;9995;22;;;;;10005;22;;;;;10000.0;298.0
0;28000;STARFRUIT;5039;4;5038;22;;;5045;22;;;;;5042.0;483.1328125
0;28100;STARFRUIT;5039;21;;;;;5046;21;;;;;5042.5;491.3984375
0;28100;AMETHYSTS;9996;1;9995;20;;;10004;1;10005;20;;;10000.0;298.0
0;28200;AMETHYSTS;9995;23;;;;;10005;23;;;;;10000.0;306.0
0;28200;STARFRUIT;5039;23;;;;;5046;23;;;;;5042.5;490.8046875
0;28300;AMETHYSTS;9996;2;9995;28;;;10004;2;10005;28;;;10000.0;306.0
0;28300;STARFRUIT;5039;30;;;;;5045;2;5046;28;;;5042.0;489.25390625
0;28400;AMETHYSTS;9995;20;;;;;10002;8;10005;20;;;9998.5;306.0
0;28400;STARFRUIT;5039;20;;;;;5046;20;;;;;5042.5;490.44921875
0;28500;STARFRUIT;5039;5;5038;28;;;5045;30;;;;;5042.0;486.80859375
0;28500;AMETHYSTS;9996;2;9995;28;;;10004;2;10005;28;;;10000.0;306.0
0;28600;AMETHYSTS;9996;2;9995;26;;;10000;5;10002;5;10004;2;9998.0;306.0
0;28600;STARFRUIT;5039;27;;;;;5042;5;5045;2;5046;26;5040.5;489.015625
0;28700;AMETHYSTS;9998;8;9996;2;9995;22;10004;2;10005;22;;;10001.0;306.0
0;28700;STARFRUIT;5039;23;;;;;5045;2;5046;22;;;5042.0;489.7109375
0;28800;AMETHYSTS;9995;21;;;;;10002;8;10005;21;;;9998.5;306.0
0;28800;STARFRUIT;5038;21;;;;;5046;21;;;;;5042.0;487.796875
0;28900;STARFRUIT;5040;1;5039;23;;;5045;1;5046;22;;;5042.5;490.3828125
0;28900;AMETHYSTS;9996;1;9995;22;;;10002;5;10004;1;10005;22;9999.0;306.0
0;29000;AMETHYSTS;10002;1;9996;2;9995;24;10004;2;10005;24;;;10003.0;306.0
0;29000;STARFRUIT;5039;26;;;;;5045;2;5046;24;;;5042.0;490.75
0;29100;AMETHYSTS;9995;23;;;;;10002;2;10005;23;;;9998.5;306.0
0;29100;STARFRUIT;5039;23;;;;;5046;23;;;;;5042.5;490.0390625
0;29200;AMETHYSTS;9996;1;9995;22;;;10004;1;10005;22;;;10000.0;306.0
0;29200;STARFRUIT;5040;1;5039;22;;;5046;23;;;;;5043.0;500.21875
0;29300;STARFRUIT;5040;23;;;;;5046;1;5047;22;;;5043.0;504.1953125
0;29300;AMETHYSTS;9996;1;9995;22;;;10004;1;10005;22;;;10000.0;306.0
0;29400;AMETHYSTS;9996;2;9995;23;;;10002;4;10004;2;10005;23;9999.0;306.0
0;29400;STARFRUIT;5039;25;;;;;5046;25;;;;;5042.5;496.7890625
0;29500;AMETHYSTS;9998;6;9995;20;;;10005;20;;;;;10001.5;306.0
0;29500;STARFRUIT;5039;20;;;;;5040;1;5046;20;;;5039.5;500.1171875
0;29600;AMETHYSTS;9996;1;9995;26;;;10000;4;10004;1;10005;26;9998.0;306.0
0;29600;STARFRUIT;5040;1;5039;26;;;5042;4;5046;27;;;5041.0;502.1953125
0;29700;STARFRUIT;5040;23;;;;;5045;8;5046;1;5047;22;5042.5;509.5390625
0;29700;AMETHYSTS;9996;1;9995;22;;;10002;7;10004;1;10005;22;9999.0;306.0
0;29800;STARFRUIT;5045;1;5040;4;5039;25;5047;25;;;;;5046.0;508.8984375
0;29800;AMETHYSTS;9995;25;;;;;10005;25;;;;;10000.0;306.0
0;29900;AMETHYSTS;9996;2;9995;30;;;10004;2;10005;30;;;10000.0;326.0
0;29900;STARFRUIT;5040;32;;;;;5047;32;;;;;5043.5;521.6640625
0;30000;STARFRUIT;5041;6;5040;23;;;5047;25;;;;;5044.0;558.45703125
0;30000;AMETHYSTS;9998;10;9996;2;9995;23;10004;2;10005;23;;;10001.0;326.0
0;30100;STARFRUIT;5041;1;5040;20;;;5047;21;;;;;5044.0;558.4873046875
0;30100;AMETHYSTS;9996;1;9995;20;;;10004;1;10005;20;;;10000.0;326.0
0;30200;STARFRUIT;5041;30;;;;;5048;30;;;;;5044.5;559.7822265625
0;30200;AMETHYSTS;9996;2;9995;28;;;9998;1;10002;8;10004;2;9997.0;326.0
0;30300;AMETHYSTS;10002;4;9996;2;9995;29;10004;2;10005;29;;;10003.0;328.0
0;30300;STARFRUIT;5041;31;;;;;5046;1;5047;2;5048;29;5043.5;559.23828125
0;30400;STARFRUIT;5045;2;5040;30;;;5047;30;;;;;5046.0;557.587890625
0;30400;AMETHYSTS;9995;30;;;;;10005;30;;;;;10000.0;336.0
0;30500;STARFRUIT;5040;7;5039;28;;;5046;30;;;;;5043.0;559.91015625
0;30500;AMETHYSTS;9996;2;9995;28;;;10004;2;10005;28;;;10000.0;336.0
0;30600;STARFRUIT;5040;32;;;;;5045;7;5046;2;5047;30;5042.5;560.078125
0;30600;AMETHYSTS;10002;1;9996;2;9995;30;10004;2;10005;30;;;10003.0;336.0
0;30700;AMETHYSTS;9996;2;9995;27;;;10004;2;10005;27;;;10000.0;338.0
0;30700;STARFRUIT;5039;29;;;;;5046;29;;;;;5042.5;559.69189453125
0;30800;STARFRUIT;5039;2;5038;29;;;5045;31;;;;;5042.0;558.955078125
0;30800;AMETHYSTS;9998;8;9996;2;9995;29;10004;2;10005;29;;;10001.0;338.0
0;30900;STARFRUIT;5038;21;;;;;5043;7;5045;21;;;5040.5;558.890625
0;30900;AMETHYSTS;9995;21;;;;;10005;21;;;;;10000.0;338.0
0;31000;STARFRUIT;5043;1;5042;5;5038;28;5045;28;;;;;5044.0;558.34326171875
0;31000;AMETHYSTS;9996;2;9995;26;;;10002;2;10004;2;10005;26;9999.0;338.0
0;31100;AMETHYSTS;10002;1;9995;23;;;10005;23;;;;;10003.5;339.0
0;31100;STARFRUIT;5038;23;;;;;5039;9;5045;23;;;5038.5;562.5791015625
0;31200;STARFRUIT;5037;21;;;;;5042;8;5044;22;;;5039.5;580.078125
0;31200;AMETHYSTS;9996;1;9995;21;;;10002;6;10004;1;10005;21;9999.0;341.0
0;31300;STARFRUIT;5038;22;;;;;5044;2;5045;20;;;5041.0;581.734375
0;31300;AMETHYSTS;9996;2;9995;20;;;10004;2;10005;20;;;10000.0;353.0
0;31400;STARFRUIT;5038;22;;;;;5045;22;;;;;5041.5;584.171875
0;31400;AMETHYSTS;9995;22;;;;;10005;22;;;;;10000.0;353.0
0;31500;AMETHYSTS;9996;1;9995;21;;;10004;1;10005;21;;;10000.0;353.0
0;31500;STARFRUIT;5038;22;;;;;5045;22;;;;;5041.5;584.3828125
0;31600;STARFRUIT;5039;24;;;;;5046;24;;;;;5042.5;591.1953125
0;31600;AMETHYSTS;9995;24;;;;;9998;3;10005;24;;;9996.5;353.0
0;31700;STARFRUIT;5038;29;;;;;5045;29;;;;;5041.5;587.3515625
0;31700;AMETHYSTS;9995;29;;;;;10002;3;10005;29;;;9998.5;359.0
0;31800;STARFRUIT;5043;2;5038;24;;;5045;24;;;;;5044.0;585.265625
0;31800;AMETHYSTS;9996;2;9995;22;;;10002;2;10004;2;10005;22;9999.0;371.0
0;31900;AMETHYSTS;9996;2;9995;26;;;10004;2;10005;26;;;10000.0;371.0
0;31900;STARFRUIT;5039;6;5038;28;;;5045;28;;;;;5042.0;588.6953125
0;32000;STARFRUIT;5038;22;;;;;5045;22;;;;;5041.5;587.009765625
0;32000;AMETHYSTS;9996;2;9995;20;;;10002;10;10004;2;10005;20;9999.0;371.0
0;32100;AMETHYSTS;9998;9;9995;25;;;10005;25;;;;;10001.5;371.0
0;32100;STARFRUIT;5037;25;;;;;5044;25;;;;;5040.5;583.671875
0;32200;AMETHYSTS;9996;1;9995;24;;;10002;5;10004;1;10005;24;9999.0;367.0
0;32200;STARFRUIT;5037;25;;;;;5044;25;;;;;5040.5;587.83203125
0;32300;AMETHYSTS;10000;3;9996;2;9995;30;10004;2;10005;30;;;10002.0;367.0
0;32300;STARFRUIT;5040;3;5038;2;5037;30;5044;32;;;;;5042.0;590.01171875
0;32400;STARFRUIT;5037;29;;;;;5044;29;;;;;5040.5;583.0
0;32400;AMETHYSTS;9998;2;9995;29;;;10005;29;;;;;10001.5;367.0
0;32500;AMETHYSTS;10002;1;9996;2;9995;24;10004;2;10005;24;;;10003.0;367.0
0;32500;STARFRUIT;5038;1;5037;26;;;5043;2;5044;24;;;5040.5;583.0
0;32600;AMETHYSTS;9998;1;9996;2;9995;26;10004;2;10005;26;;;10001.0;369.0
0;32600;STARFRUIT;5037;28;;;;;5044;28;;;;;5040.5;596.92578125
0;32700;AMETHYSTS;9996;2;9995;30;;;10004;2;10005;30;;;10000.0;369.0
0;32700;STARFRUIT;5038;32;;;;;5044;2;5045;30;;;5041.0;590.7734375
0;32800;STARFRUIT;5038;29;;;;;5045;29;;;;;5041.5;589.67578125
0;32800;AMETHYSTS;9995;29;;;;;10005;29;;;;;10000.0;369.0
0;32900;AMETHYSTS;9996;1;9995;20;;;10002;10;10004;1;10005;20;9999.0;369.0
0;32900;STARFRUIT;5038;1;5037;20;;;5044;21;;;;;5041.0;593.79296875
0;33000;AMETHYSTS;9998;2;9995;28;;;10005;28;;;;;10001.5;369.0
0;33000;STARFRUIT;5037;28;;;;;5042;4;5044;28;;;5039.5;592.4375
0;33100;AMETHYSTS;9996;1;9995;25;;;10004;1;10005;25;;;10000.0;369.0
0;33100;STARFRUIT;5037;26;;;;;5044;26;;;;;5040.5;594.33203125
0;33200;STARFRUIT;5038;24;;;;;5043;5;5044;1;5045;23;5040.5;590.24609375
0;33200;AMETHYSTS;9996;1;9995;23;;;10004;1;10005;23;;;10000.0;369.0
0;33300;AMETHYSTS;9996;1;9995;30;;;10002;1;10004;1;10005;30;9999.0;369.0
0;33300;STARFRUIT;5038;31;;;;;5045;31;;;;;5041.5;588.4609375
0;33400;AMETHYSTS;9995;20;;;;;10005;20;;;;;10000.0;369.0
0;33400;STARFRUIT;5037;20;;;;;5042;2;5044;20;;;5039.5;593.11328125
0;33500;AMETHYSTS;9996;2;9995;21;;;10002;4;10004;2;10005;21;9999.0;369.0
0;33500;STARFRUIT;5038;2;5037;21;;;5044;23;;;;;5041.0;592.83203125
0;33600;STARFRUIT;5037;27;;;;;5044;27;;;;;5040.5;599.72265625
0;33600;AMETHYSTS;9995;27;;;;;9998;2;10005;27;;;9996.5;369.0
0;33700;AMETHYSTS;9996;1;9995;25;;;10004;1;10005;25;;;10000.0;373.0
0;33700;STARFRUIT;5037;1;5036;25;;;5041;6;5043;26;;;5039.0;602.8125
0;33800;AMETHYSTS;9995;21;;;;;10002;4;10005;21;;;9998.5;373.0
0;33800;STARFRUIT;5036;21;;;;;5043;21;;;;;5039.5;597.0537109375
0;33900;AMETHYSTS;9996;1;9995;27;;;10004;1;10005;27;;;10000.0;373.0
0;33900;STARFRUIT;5035;28;;;;;5042;28;;;;;5038.5;598.783203125
0;34000;STARFRUIT;5041;1;5036;2;5035;28;5042;30;;;;;5041.5;598.2841796875
0;34000;AMETHYSTS;9996;2;9995;28;;;10004;2;10005;28;;;10000.0;417.0
0;34100;AMETHYSTS;9996;2;9995;25;;;10004;2;10005;25;;;10000.0;417.0
0;34100;STARFRUIT;5036;2;5035;25;;;5042;27;;;;;5039.0;600.796875
0;34200;AMETHYSTS;9996;2;9995;30;;;10002;2;10004;2;10005;30;9999.0;417.0
0;34200;STARFRUIT;5036;32;;;;;5043;32;;;;;5039.5;596.96484375
0;34300;STARFRUIT;5036;28;;;;;5043;29;;;;;5039.5;598.208984375
0;34300;AMETHYSTS;9996;1;9995;28;;;10004;1;10005;28;;;10000.0;413.0
0;34400;AMETHYSTS;9996;2;9995;28;;;10004;2;10005;28;;;10000.0;413.0
0;34400;STARFRUIT;5036;30;;;;;5043;30;;;;;5039.5;597.572265625
0;34500;AMETHYSTS;9996;2;9995;22;;;10004;2;10005;22;;;10000.0;413.0
0;34500;STARFRUIT;5037;24;;;;;5044;24;;;;;5040.5;594.41796875
0;34600;AMETHYSTS;9995;24;;;;;10005;24;;;;;10000.0;413.0
0;34600;STARFRUIT;5037;24;;;;;5044;24;;;;;5040.5;595.8671875
0;34700;STARFRUIT;5037;7;5036;25;;;5043;25;;;;;5040.0;644.5859375
0;34700;AMETHYSTS;9996;2;9995;23;;;10004;2;10005;23;;;10000.0;413.0
0;34800;AMETHYSTS;9998;3;9996;2;9995;22;10004;2;10005;22;;;10001.0;413.0
0;34800;STARFRUIT;5036;22;;;;;5037;8;5043;24;;;5036.5;641.3046875
0;34900;AMETHYSTS;9995;24;;;;;10005;24;;;;;10000.0;413.0
0;34900;STARFRUIT;5037;24;;;;;5044;24;;;;;5040.5;637.8515625
0;35000;AMETHYSTS;9995;29;;;;;10005;29;;;;;10000.0;413.0
0;35000;STARFRUIT;5037;29;;;;;5044;29;;;;;5040.5;637.5625
0;35100;STARFRUIT;5037;23;;;;;5044;23;;;;;5040.5;639.53125
0;35100;AMETHYSTS;9996;2;9995;21;;;10004;2;10005;21;;;10000.0;413.0
0;35200;AMETHYSTS;9995;24;;;;;10005;24;;;;;10000.0;413.0
0;35200;STARFRUIT;5037;24;;;;;5042;3;5044;24;;;5039.5;635.9375
0;35300;AMETHYSTS;9998;8;9996;1;9995;22;10004;1;10005;22;;;10001.0;413.0
0;35300;STARFRUIT;5038;8;5037;23;;;5044;23;;;;;5041.0;638.1171875
0;35400;AMETHYSTS;10002;1;9996;2;9995;25;10004;2;10005;25;;;10003.0;413.0
0;35400;STARFRUIT;5037;27;;;;;5044;27;;;;;5040.5;631.8828125
0;35500;STARFRUIT;5037;29;;;;;5044;29;;;;;5040.5;638.3046875
0;35500;AMETHYSTS;9996;2;9995;27;;;10004;2;10005;27;;;10000.0;415.0
0;35600;AMETHYSTS;9996;1;9995;23;;;10002;3;10004;1;10005;23;9999.0;415.0
0;35600;STARFRUIT;5038;1;5037;23;;;5044;24;;;;;5041.0;630.828125
0;35700;AMETHYSTS;9996;2;9995;29;;;10002;9;10004;2;10005;29;9999.0;409.0
0;35700;STARFRUIT;5037;31;;;;;5044;31;;;;;5040.5;631.8671875
0;35800;AMETHYSTS;9996;2;9995;21;;;10004;2;10005;21;;;10000.0;397.0
0;35800;STARFRUIT;5037;8;5036;21;;;5043;2;5044;21;;;5040.0;655.9921875
0;35900;STARFRUIT;5036;30;;;;;5043;30;;;;;5039.5;669.25
0;35900;AMETHYSTS;9996;2;9995;28;;;10004;2;10005;28;;;10000.0;397.0
0;36000;AMETHYSTS;9995;30;;;;;10000;2;10002;9;10005;30;9997.5;397.0
0;36000;STARFRUIT;5036;30;;;;;5039;2;5041;2;5043;30;5037.5;669.296875
0;36100;AMETHYSTS;9998;7;9996;2;9995;21;10004;2;10005;21;;;10001.0;397.0
0;36100;STARFRUIT;5036;23;;;;;5041;6;5043;23;;;5038.5;667.3125
0;36200;AMETHYSTS;9998;5;9996;1;9995;29;10004;1;10005;29;;;10001.0;397.0
0;36200;STARFRUIT;5036;1;5035;29;;;5042;30;;;;;5039.0;679.1953125
0;36300;STARFRUIT;5035;31;;;;;5042;31;;;;;5038.5;680.921875
0;36300;AMETHYSTS;9996;1;9995;30;;;10004;1;10005;30;;;10000.0;397.0
0;36400;AMETHYSTS;9996;1;9995;28;;;10002;8;10004;1;10005;28;9999.0;397.0
0;36400;STARFRUIT;5036;2;5035;28;;;5042;29;;;;;5039.0;678.828125
0;36500;AMETHYSTS;9996;2;9995;27;;;10004;2;10005;27;;;10000.0;397.0
0;36500;STARFRUIT;5035;28;;;;;5042;29;;;;;5038.5;685.8359375
0;36600;AMETHYSTS;9996;1;9995;30;;;10000;2;10004;1;10005;30;9998.0;397.0
0;36600;STARFRUIT;5035;31;;;;;5038;2;5042;31;;;5036.5;691.0390625
0;36700;STARFRUIT;5035;22;;;;;5042;22;;;;;5038.5;687.03125
0;36700;AMETHYSTS;10002;1;9996;1;9995;21;10004;1;10005;21;;;10003.0;397.0
0;36800;AMETHYSTS;9996;2;9995;23;;;10004;2;10005;23;;;10000.0;399.0
0;36800;STARFRUIT;5035;25;;;;;5042;25;;;;;5038.5;681.8671875
0;36900;AMETHYSTS;9998;6;9995;22;;;10005;22;;;;;10001.5;399.0
0;36900;STARFRUIT;5035;22;;;;;5042;22;;;;;5038.5;682.1796875
0;37000;AMETHYSTS;9996;2;9995;20;;;10004;2;10005;20;;;10000.0;399.0
0;37000;STARFRUIT;5036;2;5035;20;;;5042;22;;;;;5039.0;679.640625
0;37100;STARFRUIT;5039;5;5036;24;;;5043;24;;;;;5041.0;674.8359375
0;37100;AMETHYSTS;10000;5;9995;24;;;10005;24;;;;;10002.5;399.0
0;37200;AMETHYSTS;9996;2;9995;27;;;10004;2;10005;27;;;10000.0;399.0
0;37200;STARFRUIT;5037;2;5036;27;;;5043;29;;;;;5040.0;656.0
0;37300;AMETHYSTS;9996;1;9995;22;;;10004;1;10005;22;;;10000.0;399.0
0;37300;STARFRUIT;5037;23;;;;;5042;4;5044;23;;;5039.5;656.0
0;37400;AMETHYSTS;9995;22;;;;;10005;22;;;;;10000.0;407.0
0;37400;STARFRUIT;5038;4;5037;22;;;5044;22;;;;;5041.0;656.0
0;37500;STARFRUIT;5040;5;5037;31;;;5044;31;;;;;5042.0;656.0
0;37500;AMETHYSTS;10000;5;9996;1;9995;30;10004;1;10005;30;;;10002.0;407.0
0;37600;AMETHYSTS;9996;1;9995;24;;;10004;1;10005;24;;;10000.0;407.0
0;37600;STARFRUIT;5037;25;;;;;5042;5;5044;25;;;5039.5;656.0
0;37700;AMETHYSTS;10002;1;9995;20;;;10005;20;;;;;10003.5;443.0
0;37700;STARFRUIT;5037;20;;;;;5044;20;;;;;5040.5;674.7734375
0;37800;AMETHYSTS;9996;2;9995;23;;;10004;2;10005;23;;;10000.0;445.0
0;37800;STARFRUIT;5037;25;;;;;5043;2;5044;23;;;5040.0;675.53125
0;37900;STARFRUIT;5038;29;;;;;5044;2;5045;27;;;5041.0;685.6953125
0;37900;AMETHYSTS;9996;2;9995;27;;;10004;2;10005;27;;;10000.0;451.0
0;38000;AMETHYSTS;9998;3;9995;30;;;10005;30;;;;;10001.5;451.0
0;38000;STARFRUIT;5038;30;;;;;5045;30;;;;;5041.5;687.26171875
0;38100;AMETHYSTS;9998;4;9996;1;9995;28;10004;1;10005;28;;;10001.0;451.0
0;38100;STARFRUIT;5038;29;;;;;5043;4;5045;29;;;5040.5;686.8515625
0;38200;AMETHYSTS;9998;4;9996;2;9995;29;10004;2;10005;29;;;10001.0;451.0
0;38200;STARFRUIT;5039;2;5038;29;;;5045;31;;;;;5042.0;691.796875
0;38300;STARFRUIT;5040;5;5039;22;;;5046;22;;;;;5043.0;695.10546875
0;38300;AMETHYSTS;9995;22;;;;;10005;22;;;;;10000.0;451.0
0;38400;AMETHYSTS;9996;2;9995;29;;;10004;2;10005;29;;;10000.0;451.0
0;38400;STARFRUIT;5039;31;;;;;5040;4;5046;31;;;5039.5;694.52734375
0;38500;AMETHYSTS;9996;2;9995;22;;;10004;2;10005;22;;;10000.0;451.0
0;38500;STARFRUIT;5038;24;;;;;5045;24;;;;;5041.5;695.1640625
0;38600;STARFRUIT;5038;31;;;;;5044;2;5045;29;;;5041.0;691.3515625
0;38600;AMETHYSTS;10002;1;9996;2;9995;29;10004;2;10005;29;;;10003.0;451.0
0;38700;STARFRUIT;5038;1;5037;20;;;5044;22;;;;;5041.0;687.01171875
0;38700;AMETHYSTS;9996;2;9995;20;;;10004;2;10005;20;;;10000.0;453.0
0;38800;STARFRUIT;5038;27;;;;;5043;2;5044;2;5045;25;5040.5;691.31640625
0;38800;AMETHYSTS;9996;2;9995;25;;;10004;2;10005;25;;;10000.0;474.0
0;38900;AMETHYSTS;9996;2;9995;23;;;10004;2;10005;23;;;10000.0;474.0
0;38900;STARFRUIT;5038;25;;;;;5045;25;;;;;5041.5;693.73046875
0;39000;STARFRUIT;5039;1;5038;23;;;5041;3;5044;6;5045;1;5040.0;699.828125
0;39000;AMETHYSTS;9996;1;9995;23;;;10000;3;10004;1;10005;23;9998.0;474.0
0;39100;STARFRUIT;5039;8;5038;30;;;5045;30;;;;;5042.0;699.5234375
0;39100;AMETHYSTS;9996;2;9995;28;;;9998;3;10004;2;10005;28;9997.0;474.0
0;39200;STARFRUIT;5039;5;5038;21;;;5041;4;5045;21;;;5040.0;703.7265625
0;39200;AMETHYSTS;9995;21;;;;;10000;4;10005;21;;;9997.5;474.0
0;39300;AMETHYSTS;9995;24;;;;;10005;24;;;;;10000.0;482.0
0;39300;STARFRUIT;5038;24;;;;;5045;24;;;;;5041.5;703.6171875
0;39400;STARFRUIT;5038;21;;;;;5045;21;;;;;5041.5;697.1328125
0;39400;AMETHYSTS;9995;21;;;;;10005;21;;;;;10000.0;482.0
0;39500;STARFRUIT;5038;29;;;;;5043;3;5045;29;;;5040.5;701.125
0;39500;AMETHYSTS;9995;29;;;;;10005;29;;;;;10000.0;482.0
0;39600;STARFRUIT;5038;31;;;;;5045;31;;;;;5041.5;702.15625
0;39600;AMETHYSTS;9996;1;9995;30;;;10004;1;10005;30;;;10000.0;482.0
0;39700;AMETHYSTS;9996;1;9995;29;;;10000;6;10004;1;10005;29;9998.0;482.0
0;39700;STARFRUIT;5038;29;;;;;5041;6;5045;30;;;5039.5;710.2421875
0;39800;STARFRUIT;5038;24;;;;;5044;2;5045;22;;;5041.0;698.03125
0;39800;AMETHYSTS;9996;2;9995;22;;;9998;1;10004;2;10005;22;9997.0;482.0
0;39900;STARFRUIT;5038;29;;;;;5043;7;5045;29;;;5040.5;700.84375
0;39900;AMETHYSTS;9998;10;9996;1;9995;28;10004;1;10005;28;;;10001.0;484.0
0;40000;STARFRUIT;5037;26;;;;;5044;26;;;;;5040.5;686.375
0;40000;AMETHYSTS;10002;11;9996;1;9995;25;10004;1;10005;25;;;10003.0;484.0
0;40100;AMETHYSTS;9995;30;;;;;10005;30;;;;;10000.0;490.0
0;40100;STARFRUIT;5037;30;;;;;5042;4;5044;30;;;5039.5;684.046875
0;40200;STARFRUIT;5037;25;;;;;5044;25;;;;;5040.5;680.4921875
0;40200;AMETHYSTS;9996;1;9995;24;;;10002;7;10004;1;10005;24;9999.0;490.0
0;40300;STARFRUIT;5037;1;5036;29;;;5043;30;;;;;5040.0;690.5390625
0;40300;AMETHYSTS;10002;4;9996;1;9995;29;10004;1;10005;29;;;10003.0;490.0
0;40400;STARFRUIT;5037;25;;;;;5043;2;5044;23;;;5040.0;694.796875
0;40400;AMETHYSTS;9996;2;9995;23;;;10004;2;10005;23;;;10000.0;490.0
0;40500;AMETHYSTS;9996;1;9995;21;;;10004;1;10005;21;;;10000.0;490.0
0;40500;STARFRUIT;5037;22;;;;;5044;22;;;;;5040.5;696.703125
0;40600;STARFRUIT;5037;28;;;;;5045;28;;;;;5041.0;732.00634765625
0;40600;AMETHYSTS;10002;1;9995;28;;;10005;28;;;;;10003.5;490.0
0;40700;STARFRUIT;5044;1;5039;6;5038;30;5045;30;;;;;5044.5;732.5126953125
0;40700;AMETHYSTS;9998;10;9996;1;9995;29;10004;1;10005;29;;;10001.0;490.0
0;40800;STARFRUIT;5038;21;;;;;5045;21;;;;;5041.5;735.0
0;40800;AMETHYSTS;9995;21;;;;;10005;21;;;;;10000.0;490.0
0;40900;AMETHYSTS;9998;2;9995;25;;;10005;25;;;;;10001.5;490.0
0;40900;STARFRUIT;5040;3;5039;25;;;5046;25;;;;;5043.0;735.0
0;41000;STARFRUIT;5039;21;;;;;5042;2;5044;7;5045;1;5040.5;735.0
0;41000;AMETHYSTS;9998;10;9996;1;9995;20;10000;2;10004;1;10005;20;9999.0;490.0
0;41100;AMETHYSTS;9996;2;9995;23;;;10004;2;10005;23;;;10000.0;490.0
0;41100;STARFRUIT;5038;25;;;;;5045;25;;;;;5041.5;735.0
0;41200;AMETHYSTS;9995;20;;;;;10005;20;;;;;10000.0;490.0
0;41200;STARFRUIT;5038;20;;;;;5046;20;;;;;5042.0;735.0
0;41300;AMETHYSTS;9995;27;;;;;10005;27;;;;;10000.0;490.0
0;41300;STARFRUIT;5039;8;5038;27;;;5045;27;;;;;5042.0;735.0
0;41400;STARFRUIT;5039;30;;;;;5046;30;;;;;5042.5;735.0
0;41400;AMETHYSTS;9996;1;9995;29;;;10004;1;10005;29;;;10000.0;490.0
0;41500;AMETHYSTS;9996;2;9995;29;;;10004;2;10005;29;;;10000.0;490.0
0;41500;STARFRUIT;5039;9;5038;29;;;5045;31;;;;;5042.0;735.0
0;41600;AMETHYSTS;9995;26;;;;;10005;26;;;;;10000.0;490.0
0;41600;STARFRUIT;5038;26;;;;;5045;26;;;;;5041.5;735.0
0;41700;AMETHYSTS;9995;23;;;;;10005;23;;;;;10000.0;490.0
0;41700;STARFRUIT;5042;2;5038;23;;;5045;23;;;;;5043.5;735.0
0;41800;STARFRUIT;5038;21;;;;;5044;1;5045;21;;;5041.0;735.0
0;41800;AMETHYSTS;9996;1;9995;21;;;10004;1;10005;21;;;10000.0;490.0
0;41900;AMETHYSTS;9995;28;;;;;10002;8;10005;28;;;9998.5;490.0
0;41900;STARFRUIT;5038;28;;;;;5045;28;;;;;5041.5;735.0
0;42000;AMETHYSTS;9996;1;9995;27;;;9998;1;10004;1;10005;27;9997.0;490.0
0;42000;STARFRUIT;5038;1;5037;27;;;5044;28;;;;;5041.0;735.0
0;42100;AMETHYSTS;10002;2;9995;22;;;10005;22;;;;;10003.5;490.0
0;42100;STARFRUIT;5039;7;5038;22;;;5045;22;;;;;5042.0;735.0
0;42200;STARFRUIT;5038;22;;;;;5045;22;;;;;5041.5;735.0
0;42200;AMETHYSTS;9995;22;;;;;10005;22;;;;;10000.0;490.0
0;42300;AMETHYSTS;9996;2;9995;20;;;10004;2;10005;20;;;10000.0;490.0
0;42300;STARFRUIT;5039;22;;;;;5045;2;5046;20;;;5042.0;735.0
0;42400;AMETHYSTS;9996;2;9995;26;;;10002;2;10004;2;10005;26;9999.0;490.0
0;42400;STARFRUIT;5038;28;;;;;5045;28;;;;;5041.5;735.0
0;42500;AMETHYSTS;9995;24;;;;;10005;24;;;;;10000.0;493.0
0;42500;STARFRUIT;5038;24;;;;;5043;2;5045;24;;;5040.5;737.44580078125
0;42600;STARFRUIT;5043;1;5038;28;;;5045;28;;;;;5044.0;737.21142578125
0;42600;AMETHYSTS;9995;28;;;;;10005;28;;;;;10000.0;493.0
0;42700;AMETHYSTS;9996;1;9995;23;;;10004;1;10005;23;;;10000.0;493.0
0;42700;STARFRUIT;5038;24;;;;;5044;1;5045;23;;;5041.0;739.0
0;42800;AMETHYSTS;9995;29;;;;;10000;2;10005;29;;;9997.5;493.0
0;42800;STARFRUIT;5038;29;;;;;5041;2;5045;29;;;5039.5;739.0
0;42900;AMETHYSTS;10002;5;9995;20;;;10005;20;;;;;10003.5;493.0
0;42900;STARFRUIT;5038;20;;;;;5045;20;;;;;5041.5;739.716796875
0;43000;STARFRUIT;5038;27;;;;;5045;27;;;;;5041.5;739.6552734375
0;43000;AMETHYSTS;9996;1;9995;26;;;10002;6;10004;1;10005;26;9999.0;497.0
0;43100;AMETHYSTS;9998;9;9996;1;9995;24;10004;1;10005;24;;;10001.0;497.0
0;43100;STARFRUIT;5038;25;;;;;5045;25;;;;;5041.5;740.1728515625
0;43200;AMETHYSTS;9996;2;9995;29;;;10002;5;10004;2;10005;29;9999.0;497.0
0;43200;STARFRUIT;5038;31;;;;;5045;31;;;;;5041.5;739.8818359375
0;43300;STARFRUIT;5043;1;5037;20;;;5044;20;;;;;5043.5;738.3310546875
0;43300;AMETHYSTS;9998;10;9995;20;;;10005;20;;;;;10001.5;506.0
0;43400;AMETHYSTS;9996;2;9995;22;;;10004;2;10005;22;;;10000.0;506.0
0;43400;STARFRUIT;5037;24;;;;;5043;2;5044;22;;;5040.0;740.2197265625
0;43500;AMETHYSTS;9996;1;9995;24;;;10002;7;10004;1;10005;24;9999.0;506.0
0;43500;STARFRUIT;5037;6;5036;25;;;5043;25;;;;;5040.0;739.66064453125
0;43600;AMETHYSTS;9995;22;;;;;10002;5;10005;22;;;9998.5;506.0
0;43600;STARFRUIT;5036;22;;;;;5041;1;5043;22;;;5038.5;739.60107421875
0;43700;STARFRUIT;5037;1;5036;29;;;5043;30;;;;;5040.0;739.7822265625
0;43700;AMETHYSTS;9996;1;9995;29;;;10002;6;10004;1;10005;29;9999.0;506.0
0;43800;AMETHYSTS;9996;1;9995;22;;;10004;1;10005;22;;;10000.0;506.0
0;43800;STARFRUIT;5036;23;;;;;5043;23;;;;;5039.5;739.68359375
0;43900;AMETHYSTS;9996;2;9995;24;;;10002;2;10004;2;10005;24;9999.0;506.0
0;43900;STARFRUIT;5037;6;5036;26;;;5043;26;;;;;5040.0;752.439453125
0;44000;AMETHYSTS;10002;4;9998;10;9996;2;10004;2;10005;25;;;10003.0;508.0
0;44000;STARFRUIT;5036;27;;;;;5043;27;;;;;5039.5;758.17578125
0;44100;STARFRUIT;5036;24;;;;;5041;4;5042;2;5043;22;5038.5;759.046875
0;44100;AMETHYSTS;9996;2;9995;22;;;10004;2;10005;22;;;10000.0;510.0
0;44200;AMETHYSTS;9995;24;;;;;10005;24;;;;;10000.0;510.0
0;44200;STARFRUIT;5036;24;;;;;5043;24;;;;;5039.5;756.62890625
0;44300;AMETHYSTS;9996;2;9995;24;;;9998;2;10004;2;10005;24;9997.0;510.0
0;44300;STARFRUIT;5036;26;;;;;5042;2;5043;24;;;5039.0;758.73046875
0;44400;AMETHYSTS;9996;1;9995;25;;;10002;7;10004;1;10005;25;9999.0;510.0
0;44400;STARFRUIT;5037;1;5036;26;;;5043;26;;;;;5040.0;758.1171875
0;44500;STARFRUIT;5036;30;;;;;5043;30;;;;;5039.5;758.212890625
0;44500;AMETHYSTS;9995;30;;;;;10005;30;;;;;10000.0;510.0
0;44600;AMETHYSTS;9996;1;9995;21;;;10004;1;10005;21;;;10000.0;510.0
0;44600;STARFRUIT;5037;22;;;;;5043;1;5044;21;;;5040.0;753.7578125
0;44700;AMETHYSTS;9996;2;9995;25;;;10004;2;10005;25;;;10000.0;510.0
0;44700;STARFRUIT;5037;27;;;;;5042;6;5044;27;;;5039.5;751.720703125
0;44800;AMETHYSTS;9995;25;;;;;10005;25;;;;;10000.0;510.0
0;44800;STARFRUIT;5037;25;;;;;5042;3;5044;25;;;5039.5;753.71484375
0;44900;STARFRUIT;5037;2;5036;21;;;5043;23;;;;;5040.0;754.427734375
0;44900;AMETHYSTS;9996;2;9995;21;;;10004;2;10005;21;;;10000.0;510.0
0;45000;AMETHYSTS;9996;1;9995;27;;;10004;1;10005;27;;;10000.0;510.0
0;45000;STARFRUIT;5036;28;;;;;5037;1;5043;28;;;5036.5;756.51171875
0;45100;AMETHYSTS;9995;27;;;;;9998;1;10005;27;;;9996.5;510.0
0;45100;STARFRUIT;5036;27;;;;;5043;27;;;;;5039.5;757.83984375
0;45200;AMETHYSTS;10002;1;9996;1;9995;20;10004;1;10005;20;;;10003.0;510.0
0;45200;STARFRUIT;5036;20;;;;;5043;1;5044;20;;;5039.5;757.095703125
0;45300;STARFRUIT;5037;22;;;;;5044;23;;;;;5040.5;754.890625
0;45300;AMETHYSTS;9995;23;;;;;10005;23;;;;;10000.0;510.0
0;45400;AMETHYSTS;9998;4;9995;25;;;10005;25;;;;;10001.5;510.0
0;45400;STARFRUIT;5037;25;;;;;5044;25;;;;;5040.5;753.857421875
0;45500;AMETHYSTS;9996;1;9995;20;;;9998;3;10004;1;10005;20;9997.0;510.0
0;45500;STARFRUIT;5036;21;;;;;5037;3;5043;21;;;5036.5;760.564453125
0;45600;AMETHYSTS;9996;1;9995;23;;;10004;1;10005;23;;;10000.0;510.0
0;45600;STARFRUIT;5037;1;5036;23;;;5041;6;5043;24;;;5039.0;766.4541015625
0;45700;STARFRUIT;5037;2;5036;21;;;5043;23;;;;;5040.0;766.349609375
0;45700;AMETHYSTS;10002;1;9996;2;9995;21;10004;2;10005;21;;;10003.0;510.0
0;45800;AMETHYSTS;10000;5;9998;7;9996;2;10004;2;10005;30;;;10002.0;510.0
0;45800;STARFRUIT;5040;5;5037;32;;;5044;32;;;;;5042.0;765.1640625
0;45900;AMETHYSTS;9998;8;9996;1;9995;25;10004;1;10005;25;;;10001.0;510.0
0;45900;STARFRUIT;5037;25;;;;;5044;26;;;;;5040.5;759.17578125
0;46000;AMETHYSTS;9995;23;;;;;9998;1;10005;23;;;9996.5;510.0
0;46000;STARFRUIT;5037;23;;;;;5044;23;;;;;5040.5;760.875
0;46100;STARFRUIT;5039;4;5038;25;;;5045;25;;;;;5042.0;757.58984375
0;46100;AMETHYSTS;9995;25;;;;;10005;25;;;;;10000.0;510.0
0;46200;AMETHYSTS;9995;24;;;;;10005;24;;;;;10000.0;510.0
0;46200;STARFRUIT;5039;4;5038;24;;;5045;24;;;;;5042.0;757.08203125
0;46300;AMETHYSTS;9996;2;9995;26;;;10004;2;10005;26;;;10000.0;510.0
0;46300;STARFRUIT;5039;2;5038;26;;;5045;28;;;;;5042.0;752.375
0;46400;AMETHYSTS;9995;24;;;;;10005;24;;;;;10000.0;510.0
0;46400;STARFRUIT;5044;1;5038;24;;;5045;24;;;;;5044.5;754.125
0;46500;STARFRUIT;5042;2;5038;30;;;5045;30;;;;;5043.5;759.30078125
0;46500;AMETHYSTS;9996;1;9995;29;;;9998;1;10004;1;10005;29;9997.0;510.0
0;46600;AMETHYSTS;9998;1;9995;28;;;10005;28;;;;;10001.5;510.0
0;46600;STARFRUIT;5044;1;5040;4;5039;28;5046;28;;;;;5045.0;753.06640625
0;46700;AMETHYSTS;9996;1;9995;29;;;10004;1;10005;29;;;10000.0;510.0
0;46700;STARFRUIT;5038;30;;;;;5045;30;;;;;5041.5;759.6328125
0;46800;AMETHYSTS;9995;25;;;;;10005;25;;;;;10000.0;510.0
0;46800;STARFRUIT;5038;25;;;;;5045;25;;;;;5041.5;757.91796875
0;46900;STARFRUIT;5039;30;;;;;5040;10;5045;1;5046;29;5039.5;754.671875
0;46900;AMETHYSTS;9996;1;9995;29;;;10002;3;10004;1;10005;29;9999.0;510.0
0;47000;AMETHYSTS;9996;1;9995;22;;;10004;1;10005;22;;;10000.0;510.0
0;47000;STARFRUIT;5039;23;;;;;5045;1;5046;22;;;5042.0;773.6044921875
0;47100;AMETHYSTS;9995;22;;;;;9998;1;10005;22;;;9996.5;510.0
0;47100;STARFRUIT;5039;22;;;;;5046;22;;;;;5042.5;773.0810546875
0;47200;AMETHYSTS;9996;2;9995;21;;;10004;2;10005;21;;;10000.0;510.0
0;47200;STARFRUIT;5044;1;5039;23;;;5046;23;;;;;5045.0;773.521484375
0;47300;STARFRUIT;5040;5;5039;21;;;5046;21;;;;;5043.0;775.01171875
0;47300;AMETHYSTS;9995;21;;;;;10005;21;;;;;10000.0;510.0
0;47400;AMETHYSTS;9998;7;9995;22;;;10005;22;;;;;10001.5;510.0
0;47400;STARFRUIT;5043;5;5038;22;;;5045;22;;;;;5044.0;778.251953125
0;47500;AMETHYSTS;9996;1;9995;21;;;9998;1;10004;1;10005;21;9997.0;510.0
0;47500;STARFRUIT;5037;22;;;;;5042;5;5044;22;;;5039.5;791.3203125
0;47600;STARFRUIT;5037;21;;;;;5044;21;;;;;5040.5;785.17578125
0;47600;AMETHYSTS;9998;5;9995;21;;;10005;21;;;;;10001.5;510.0
0;47700;STARFRUIT;5037;23;;;;;5042;4;5044;23;;;5039.5;785.115234375
0;47700;AMETHYSTS;9998;1;9995;23;;;10005;23;;;;;10001.5;510.0
0;47800;STARFRUIT;5038;20;;;;;5043;7;5045;20;;;5040.5;814.33984375
0;47800;AMETHYSTS;9995;20;;;;;10005;20;;;;;10000.0;510.0
0;47900;AMETHYSTS;9995;23;;;;;10005;23;;;;;10000.0;510.0
0;47900;STARFRUIT;5037;23;;;;;5044;23;;;;;5040.5;807.47265625
0;48000;STARFRUIT;5037;27;;;;;5044;27;;;;;5040.5;809.1796875
0;48000;AMETHYSTS;10002;2;9996;1;9995;26;10004;1;10005;26;;;10003.0;510.0
0;48100;STARFRUIT;5037;30;;;;;5042;1;5044;30;;;5039.5;809.71484375
0;48100;AMETHYSTS;9996;1;9995;29;;;10004;1;10005;29;;;10000.0;510.0
0;48200;STARFRUIT;5038;2;5037;26;;;5044;27;;;;;5041.0;813.46875
0;48200;AMETHYSTS;9996;1;9995;26;;;10004;1;10005;26;;;10000.0;510.0
0;48300;AMETHYSTS;9998;4;9996;1;9995;20;10004;1;10005;20;;;10001.0;510.0
0;48300;STARFRUIT;5037;21;;;;;5038;4;5044;21;;;5037.5;810.578125
0;48400;STARFRUIT;5037;32;;;;;5042;6;5044;32;;;5039.5;821.8125
0;48400;AMETHYSTS;9996;2;9995;30;;;10004;2;10005;30;;;10000.0;510.0
0;48500;STARFRUIT;5037;29;;;;;5044;29;;;;;5040.5;818.265625
0;48500;AMETHYSTS;9995;29;;;;;10005;29;;;;;10000.0;510.0
0;48600;STARFRUIT;5037;1;5036;26;;;5043;1;5044;26;;;5040.0;814.91796875
0;48600;AMETHYSTS;9996;1;9995;26;;;10004;1;10005;26;;;10000.0;510.0
0;48700;AMETHYSTS;9996;1;9995;22;;;10000;2;10004;1;10005;22;9998.0;510.0
0;48700;STARFRUIT;5036;23;;;;;5039;2;5043;23;;;5037.5;812.48046875
0;48800;STARFRUIT;5036;29;;;;;5043;29;;;;;5039.5;812.89453125
0;48800;AMETHYSTS;9996;1;9995;28;;;10004;1;10005;28;;;10000.0;510.0
0;48900;STARFRUIT;5036;21;;;;;5043;22;;;;;5039.5;807.90234375
0;48900;AMETHYSTS;9995;22;;;;;10005;22;;;;;10000.0;510.0
0;49000;STARFRUIT;5035;29;;;;;5042;29;;;;;5038.5;797.9375
0;49000;AMETHYSTS;9996;1;9995;28;;;10004;1;10005;28;;;10000.0;510.0
0;49100;AMETHYSTS;9995;30;;;;;10005;30;;;;;10000.0;510.0
0;49100;STARFRUIT;5035;30;;;;;5042;30;;;;;5038.5;795.984375
0;49200;STARFRUIT;5034;26;;;;;5041;26;;;;;5037.5;784.359375
0;49200;AMETHYSTS;10002;3;9996;1;9995;25;10004;1;10005;25;;;10003.0;510.0
0;49300;STARFRUIT;5035;6;5034;29;;;5041;29;;;;;5038.0;788.84375
0;49300;AMETHYSTS;9998;3;9995;29;;;10005;29;;;;;10001.5;510.0
0;49400;STARFRUIT;5035;23;;;;;5042;23;;;;;5038.5;796.765625
0;49400;AMETHYSTS;9996;1;9995;22;;;10004;1;10005;22;;;10000.0;510.0
0;49500;AMETHYSTS;9996;1;9995;24;;;10004;1;10005;24;;;10000.0;510.0
0;49500;STARFRUIT;5035;25;;;;;5041;1;5042;24;;;5038.0;791.8203125
0;49600;STARFRUIT;5036;2;5035;28;;;5038;3;5042;30;;;5037.0;801.6640625
0;49600;AMETHYSTS;9996;2;9995;28;;;10000;3;10002;9;10004;2;9998.0;510.0
0;49700;STARFRUIT;5041;1;5036;6;5035;21;5042;21;;;;;5041.5;802.578125
0;49700;AMETHYSTS;9995;21;;;;;10005;21;;;;;10000.0;510.0
0;49800;AMETHYSTS;9995;20;;;;;10002;7;10005;20;;;9998.5;510.0
0;49800;STARFRUIT;5036;20;;;;;5037;1;5043;20;;;5036.5;813.4296875
0;49900;AMETHYSTS;9996;1;9995;23;;;10004;1;10005;23;;;10000.0;510.0
0;49900;STARFRUIT;5038;5;5037;24;;;5044;24;;;;;5041.0;826.8515625
0;50000;STARFRUIT;5037;26;;;;;5044;26;;;;;5040.5;829.01171875
0;50000;AMETHYSTS;9996;2;9995;24;;;10002;5;10004;2;10005;24;9999.0;510.0
0;50100;AMETHYSTS;10002;4;9996;2;9995;22;10004;2;10005;22;;;10003.0;510.0
0;50100;STARFRUIT;5037;24;;;;;5043;2;5044;22;;;5040.0;823.83203125
0;50200;AMETHYSTS;9996;1;9995;28;;;10004;1;10005;28;;;10000.0;474.0
0;50200;STARFRUIT;5036;29;;;;;5043;29;;;;;5039.5;815.9140625
0;50300;AMETHYSTS;9995;23;;;;;10005;23;;;;;10000.0;474.0
0;50300;STARFRUIT;5036;23;;;;;5041;4;5043;23;;;5038.5;819.92578125
0;50400;STARFRUIT;5037;2;5036;23;;;5038;3;5043;23;;;5037.5;817.58984375
0;50400;AMETHYSTS;9996;2;9995;21;;;10004;2;10005;21;;;10000.0;474.0
0;50500;AMETHYSTS;10000;4;9998;7;9996;1;10004;1;10005;27;;;10002.0;474.0
0;50500;STARFRUIT;5039;4;5036;28;;;5043;28;;;;;5041.0;819.5859375
0;50600;AMETHYSTS;9998;7;9996;2;9995;22;10000;5;10004;2;10005;22;9999.0;474.0
0;50600;STARFRUIT;5036;24;;;;;5039;4;5043;24;;;5037.5;818.125
0;50700;AMETHYSTS;9998;9;9995;20;;;10005;20;;;;;10001.5;474.0
0;50700;STARFRUIT;5036;20;;;;;5043;20;;;;;5039.5;818.671875
0;50800;STARFRUIT;5037;2;5036;26;;;5043;28;;;;;5040.0;826.9296875
0;50800;AMETHYSTS;9998;7;9996;2;9995;26;10004;2;10005;26;;;10001.0;474.0
0;50900;AMETHYSTS;9998;2;9995;30;;;10000;5;10005;30;;;9999.0;474.0
0;50900;STARFRUIT;5036;30;;;;;5037;1;5039;5;5043;30;5036.5;828.859375
0;51000;AMETHYSTS;9996;2;9995;23;;;10004;2;10005;23;;;10000.0;474.0
0;51000;STARFRUIT;5037;25;;;;;5043;2;5044;23;;;5040.0;771.0
0;51100;AMETHYSTS;9995;29;;;;;10002;1;10005;29;;;9998.5;474.0
0;51100;STARFRUIT;5038;3;5037;29;;;5044;29;;;;;5041.0;771.0
0;51200;STARFRUIT;5037;30;;;;;5044;30;;;;;5040.5;771.0
0;51200;AMETHYSTS;9995;30;;;;;10005;30;;;;;10000.0;474.0
0;51300;AMETHYSTS;9996;2;9995;23;;;9998;5;10002;5;10004;2;9997.0;474.0
0;51300;STARFRUIT;5038;2;5037;23;;;5044;25;;;;;5041.0;771.0
0;51400;AMETHYSTS;9996;1;9995;22;;;10004;1;10005;22;;;10000.0;484.0
0;51400;STARFRUIT;5037;23;;;;;5042;5;5044;23;;;5039.5;771.0
0;51500;AMETHYSTS;9995;21;;;;;10005;21;;;;;10000.0;484.0
0;51500;STARFRUIT;5037;21;;;;;5044;21;;;;;5040.5;773.9921875
0;51600;STARFRUIT;5042;3;5038;2;5037;21;5044;23;;;;;5043.0;787.5859375
0;51600;AMETHYSTS;9996;2;9995;21;;;10002;5;10004;2;10005;21;9999.0;492.0
0;51700;AMETHYSTS;9996;2;9995;30;;;10004;2;10005;30;;;10000.0;492.0
0;51700;STARFRUIT;5038;2;5037;30;;;5044;32;;;;;5041.0;791.1953125
0;51800;AMETHYSTS;9995;25;;;;;10005;25;;;;;10000.0;492.0
0;51800;STARFRUIT;5037;25;;;;;5044;25;;;;;5040.5;794.125
0;51900;AMETHYSTS;9996;2;9995;26;;;10004;2;10005;26;;;10000.0;492.0
0;51900;STARFRUIT;5037;28;;;;;5044;28;;;;;5040.5;799.0
0;52000;AMETHYSTS;9998;2;9995;21;;;10000;5;10005;21;;;9999.0;492.0
0;52000;STARFRUIT;5038;5;5037;21;;;5040;5;5044;21;;;5039.0;794.8046875
0;52100;AMETHYSTS;9996;1;9995;27;;;10004;1;10005;27;;;10000.0;492.0
0;52100;STARFRUIT;5038;1;5037;27;;;5044;28;;;;;5041.0;794.83203125
0;52200;AMETHYSTS;9995;23;;;;;10005;23;;;;;10000.0;492.0
0;52200;STARFRUIT;5037;22;;;;;5044;23;;;;;5040.5;798.13671875
0;52300;STARFRUIT;5037;30;;;;;5044;30;;;;;5040.5;795.546875
0;52300;AMETHYSTS;9995;30;;;;;10005;30;;;;;10000.0;492.0
0;52400;AMETHYSTS;10002;3;9996;1;9995;20;10004;1;10005;20;;;10003.0;492.0
0;52400;STARFRUIT;5038;1;5037;21;;;5040;4;5044;21;;;5039.0;795.85546875
0;52500;AMETHYSTS;9996;2;9995;25;;;10004;2;10005;25;;;10000.0;498.0
0;52500;STARFRUIT;5037;27;;;;;5043;2;5044;25;;;5040.0;802.08984375
0;52600;AMETHYSTS;9996;1;9995;30;;;10004;1;10005;30;;;10000.0;498.0
0;52600;STARFRUIT;5037;31;;;;;5043;1;5044;30;;;5040.0;802.79296875
0;52700;STARFRUIT;5042;1;5037;25;;;5043;1;5044;24;;;5042.5;802.478515625
0;52700;AMETHYSTS;9996;1;9995;24;;;10002;9;10004;1;10005;24;9999.0;542.0
0;52800;AMETHYSTS;9996;2;9995;26;;;10004;2;10005;26;;;10000.0;524.0
0;52800;STARFRUIT;5042;1;5037;28;;;5044;28;;;;;5043.0;803.36328125
0;52900;AMETHYSTS;9996;1;9995;26;;;10002;3;10004;1;10005;26;9999.0;524.0
0;52900;STARFRUIT;5036;27;;;;;5043;27;;;;;5039.5;811.16796875
0;53000;AMETHYSTS;9996;1;9995;29;;;10004;1;10005;29;;;10000.0;522.0
0;53000;STARFRUIT;5036;1;5035;29;;;5042;30;;;;;5039.0;816.3828125
0;53100;STARFRUIT;5036;2;5035;21;;;5042;2;5043;21;;;5039.0;815.01953125
0;53100;AMETHYSTS;9996;2;9995;21;;;9998;5;10004;2;10005;21;9997.0;522.0
0;53200;AMETHYSTS;9995;23;;;;;10005;23;;;;;10000.0;532.0
0;53200;STARFRUIT;5041;1;5036;23;;;5043;23;;;;;5042.0;811.625
0;53300;AMETHYSTS;9995;20;;;;;10005;20;;;;;10000.0;532.0
0;53300;STARFRUIT;5036;20;;;;;5043;20;;;;;5039.5;816.01953125
0;53400;AMETHYSTS;9996;2;9995;30;;;9998;1;10004;2;10005;30;9997.0;532.0
0;53400;STARFRUIT;5038;7;5037;32;;;5044;32;;;;;5041.0;831.67919921875
0;53500;STARFRUIT;5037;25;;;;;5042;2;5044;25;;;5039.5;831.4873046875
0;53500;AMETHYSTS;9995;25;;;;;10002;7;10005;25;;;9998.5;534.0
0;53600;AMETHYSTS;9998;2;9996;1;9995;22;10004;1;10005;22;;;10001.0;534.0
0;53600;STARFRUIT;5037;23;;;;;5044;23;;;;;5040.5;831.3447265625
0;53700;AMETHYSTS;9995;23;;;;;10005;23;;;;;10000.0;534.0
0;53700;STARFRUIT;5038;1;5037;23;;;5044;23;;;;;5041.0;831.4423828125
0;53800;AMETHYSTS;9998;8;9995;29;;;10005;29;;;;;10001.5;534.0
0;53800;STARFRUIT;5037;29;;;;;5044;29;;;;;5040.5;831.76025390625
0;53900;STARFRUIT;5038;1;5037;25;;;5040;4;5044;26;;;5039.0;831.17529296875
0;53900;AMETHYSTS;9996;1;9995;25;;;10000;4;10002;8;10004;1;9998.0;534.0
0;54000;AMETHYSTS;9996;1;9995;21;;;10002;1;10004;1;10005;21;9999.0;534.0
0;54000;STARFRUIT;5038;7;5037;22;;;5044;22;;;;;5041.0;833.5029296875
0;54100;AMETHYSTS;9996;1;9995;21;;;10004;1;10005;21;;;10000.0;534.0
0;54100;STARFRUIT;5038;4;5037;22;;;5043;1;5044;21;;;5040.5;832.255859375
0;54200;AMETHYSTS;9996;1;9995;20;;;10004;1;10005;20;;;10000.0;538.0
0;54200;STARFRUIT;5037;20;;;;;5043;1;5044;20;;;5040.0;835.125
0;54300;STARFRUIT;5037;28;;;;;5043;2;5044;26;;;5040.0;835.1337890625
0;54300;AMETHYSTS;10002;1;9996;2;9995;26;10004;2;10005;26;;;10003.0;538.0
0;54400;AMETHYSTS;9995;22;;;;;10005;22;;;;;10000.0;540.0
0;54400;STARFRUIT;5037;22;;;;;5044;22;;;;;5040.5;842.56640625
0;54500;AMETHYSTS;9996;2;9995;27;;;10002;2;10004;2;10005;27;9999.0;540.0
0;54500;STARFRUIT;5038;29;;;;;5045;29;;;;;5041.5;843.955078125
0;54600;AMETHYSTS;10002;2;9996;1;9995;29;10004;1;10005;29;;;10003.0;540.0
0;54600;STARFRUIT;5038;30;;;;;5045;30;;;;;5041.5;844.810546875
0;54700;STARFRUIT;5038;1;5037;22;;;5044;1;5045;22;;;5041.0;842.97265625
0;54700;AMETHYSTS;9996;1;9995;22;;;10004;1;10005;22;;;10000.0;544.0
0;54800;AMETHYSTS;9996;2;9995;23;;;10004;2;10005;23;;;10000.0;568.0
0;54800;STARFRUIT;5039;9;5038;23;;;5045;25;;;;;5042.0;848.328125
0;54900;AMETHYSTS;9996;2;9995;22;;;10004;2;10005;22;;;10000.0;568.0
0;54900;STARFRUIT;5038;24;;;;;5043;1;5045;24;;;5040.5;847.849609375
0;55000;AMETHYSTS;9996;2;9995;20;;;10004;2;10005;20;;;10000.0;568.0
0;55000;STARFRUIT;5039;2;5038;20;;;5043;7;5045;22;;;5041.0;848.4609375
0;55100;STARFRUIT;5039;26;;;;;5045;2;5046;24;;;5042.0;849.23046875
0;55100;AMETHYSTS;9996;2;9995;24;;;10004;2;10005;24;;;10000.0;568.0
0;55200;AMETHYSTS;9998;8;9996;1;9995;25;10004;1;10005;25;;;10001.0;568.0
0;55200;STARFRUIT;5038;25;;;;;5045;26;;;;;5041.5;848.58203125
0;55300;AMETHYSTS;9995;22;;;;;10002;5;10005;22;;;9998.5;568.0
0;55300;STARFRUIT;5039;22;;;;;5044;3;5046;22;;;5041.5;849.365234375
0;55400;AMETHYSTS;9998;7;9996;1;9995;27;10004;1;10005;27;;;10001.0;568.0
0;55400;STARFRUIT;5039;6;5038;27;;;5045;28;;;;;5042.0;848.8271484375
0;55500;STARFRUIT;5039;2;5038;22;;;5043;2;5045;24;;;5041.0;848.49609375
0;55500;AMETHYSTS;9996;2;9995;22;;;10004;2;10005;22;;;10000.0;574.0
0;55600;AMETHYSTS;9995;23;;;;;10002;9;10005;23;;;9998.5;574.0
0;55600;STARFRUIT;5038;23;;;;;5045;23;;;;;5041.5;848.501953125
0;55700;AMETHYSTS;9996;1;9995;21;;;10002;7;10004;1;10005;21;9999.0;574.0
0;55700;STARFRUIT;5038;22;;;;;5045;22;;;;;5041.5;847.8193359375
0;55800;AMETHYSTS;9996;1;9995;25;;;10004;1;10005;25;;;10000.0;574.0
0;55800;STARFRUIT;5039;8;5038;26;;;5045;26;;;;;5042.0;848.1171875
0;55900;STARFRUIT;5041;4;5038;20;;;5045;20;;;;;5043.0;847.6171875
0;55900;AMETHYSTS;9995;20;;;;;10005;20;;;;;10000.0;574.0
0;56000;AMETHYSTS;10000;2;9996;1;9995;24;10002;6;10004;1;10005;24;10001.0;574.0
0;56000;STARFRUIT;5041;2;5038;25;;;5043;7;5045;25;;;5042.0;847.599609375
0;56100;AMETHYSTS;9996;1;9995;27;;;9998;1;10002;3;10004;1;9997.0;574.0
0;56100;STARFRUIT;5038;28;;;;;5044;1;5045;27;;;5041.0;846.1904296875
0;56200;AMETHYSTS;9996;1;9995;30;;;10000;4;10004;1;10005;30;9998.0;576.0
0;56200;STARFRUIT;5038;31;;;;;5041;4;5044;1;5045;30;5039.5;846.474609375
0;56300;STARFRUIT;5038;28;;;;;5045;28;;;;;5041.5;847.390625
0;56300;AMETHYSTS;9995;28;;;;;10005;28;;;;;10000.0;576.0
0;56400;STARFRUIT;5038;29;;;;;5045;29;;;;;5041.5;847.609375
0;56400;AMETHYSTS;9996;2;9995;27;;;10004;2;10005;27;;;10000.0;576.0
0;56500;AMETHYSTS;9995;21;;;;;10002;9;10005;21;;;9998.5;576.0
0;56500;STARFRUIT;5038;21;;;;;5045;21;;;;;5041.5;848.8671875
0;56600;STARFRUIT;5038;2;5037;28;;;5043;3;5044;2;5045;28;5040.5;845.9296875
0;56600;AMETHYSTS;9996;2;9995;28;;;10002;2;10004;2;10005;28;9999.0;582.0
0;56700;STARFRUIT;5038;2;5037;27;;;5039;4;5044;27;;;5038.5;845.2578125
0;56700;AMETHYSTS;9998;5;9995;27;;;10005;27;;;;;10001.5;582.0
0;56800;STARFRUIT;5038;8;5037;23;;;5044;23;;;;;5041.0;850.01953125
0;56800;AMETHYSTS;9995;23;;;;;10005;23;;;;;10000.0;582.0
0;56900;AMETHYSTS;9996;1;9995;20;;;10004;1;10005;20;;;10000.0;582.0
0;56900;STARFRUIT;5037;21;;;;;5044;21;;;;;5040.5;847.3671875
0;57000;STARFRUIT;5037;22;;;;;5044;22;;;;;5040.5;850.91015625
0;57000;AMETHYSTS;9996;2;9995;20;;;10002;10;10004;2;10005;20;9999.0;582.0
0;57100;STARFRUIT;5043;1;5037;24;;;5045;24;;;;;5044.0;854.17578125
0;57100;AMETHYSTS;9998;6;9995;24;;;10005;24;;;;;10001.5;582.0
0;57200;STARFRUIT;5038;1;5037;25;;;5044;26;;;;;5041.0;854.08984375
0;57200;AMETHYSTS;9998;5;9996;1;9995;25;10004;1;10005;25;;;10001.0;582.0
0;57300;AMETHYSTS;9996;1;9995;30;;;10004;1;10005;30;;;10000.0;582.0
0;57300;STARFRUIT;5038;31;;;;;5043;1;5044;1;5045;30;5040.5;857.83984375
0;57400;STARFRUIT;5038;28;;;;;5044;1;5045;27;;;5041.0;858.109375
0;57400;AMETHYSTS;9996;1;9995;27;;;10004;1;10005;27;;;10000.0;582.0
0;57500;STARFRUIT;5038;2;5037;21;;;5044;21;;;;;5041.0;855.5234375
0;57500;AMETHYSTS;9995;21;;;;;10005;21;;;;;10000.0;582.0
0;57600;STARFRUIT;5040;5;5038;2;5037;20;5044;22;;;;;5042.0;854.94921875
0;57600;AMETHYSTS;10000;4;9996;2;9995;20;10004;2;10005;20;;;10002.0;582.0
0;57700;AMETHYSTS;9998;2;9996;1;9995;21;10004;1;10005;21;;;10001.0;582.0
0;57700;STARFRUIT;5037;22;;;;;5044;22;;;;;5040.5;849.76953125
0;57800;STARFRUIT;5038;7;5037;28;;;5044;28;;;;;5041.0;852.07421875
0;57800;AMETHYSTS;9996;2;9995;26;;;10002;4;10004;2;10005;26;9999.0;582.0
0;57900;STARFRUIT;5037;2;5036;26;;;5038;5;5043;28;;;5037.5;845.4921875
0;57900;AMETHYSTS;9996;2;9995;26;;;10004;2;10005;26;;;10000.0;582.0
0;58000;STARFRUIT;5037;28;;;;;5044;28;;;;;5040.5;859.5390625
0;58000;AMETHYSTS;9995;28;;;;;10005;28;;;;;10000.0;582.0
0;58100;AMETHYSTS;9998;7;9995;20;;;10005;20;;;;;10001.5;582.0
0;58100;STARFRUIT;5037;20;;;;;5044;20;;;;;5040.5;898.42431640625
0;58200;STARFRUIT;5037;29;;;;;5043;2;5044;27;;;5040.0;898.14501953125
0;58200;AMETHYSTS;9996;2;9995;27;;;10004;2;10005;27;;;10000.0;610.0
0;58300;STARFRUIT;5037;2;5036;28;;;5043;30;;;;;5040.0;897.8916015625
0;58300;AMETHYSTS;9996;2;9995;28;;;10004;2;10005;28;;;10000.0;610.0
0;58400;STARFRUIT;5037;25;;;;;5044;25;;;;;5040.5;898.16845703125
0;58400;AMETHYSTS;9995;25;;;;;10005;25;;;;;10000.0;610.0
0;58500;AMETHYSTS;9998;3;9996;2;9995;20;10004;2;10005;20;;;10001.0;610.0
0;58500;STARFRUIT;5038;2;5037;20;;;5042;2;5044;22;;;5040.0;898.7958984375
0;58600;STARFRUIT;5038;23;;;;;5045;23;;;;;5041.5;899.3525390625
0;58600;AMETHYSTS;9996;1;9995;22;;;10004;1;10005;22;;;10000.0;610.0
0;58700;AMETHYSTS;9996;1;9995;29;;;9998;1;10000;4;10004;1;9997.0;610.0
0;58700;STARFRUIT;5038;30;;;;;5041;4;5044;1;5045;29;5039.5;901.37890625
0;58800;AMETHYSTS;9996;1;9995;30;;;10004;1;10005;30;;;10000.0;612.0
0;58800;STARFRUIT;5038;1;5037;30;;;5042;5;5044;31;;;5040.0;900.7294921875
0;58900;AMETHYSTS;9996;2;9995;23;;;10004;2;10005;23;;;10000.0;616.0
0;58900;STARFRUIT;5043;1;5037;25;;;5044;25;;;;;5043.5;901.0
0;59000;STARFRUIT;5038;1;5037;23;;;5044;1;5045;23;;;5041.0;907.072265625
0;59000;AMETHYSTS;9996;1;9995;23;;;10004;1;10005;23;;;10000.0;622.0
0;59100;AMETHYSTS;9998;7;9996;1;9995;20;10004;1;10005;20;;;10001.0;622.0
0;59100;STARFRUIT;5038;1;5037;20;;;5044;21;;;;;5041.0;907.3046875
0;59200;AMETHYSTS;10002;1;9996;2;9995;23;10004;2;10005;23;;;10003.0;622.0
0;59200;STARFRUIT;5042;10;5038;10;5037;23;5044;25;;;;;5043.0;907.6240234375
0;59300;AMETHYSTS;9998;5;9995;22;;;10005;22;;;;;10001.5;624.0
0;59300;STARFRUIT;5036;22;;;;;5044;22;;;;;5040.0;929.9921875
0;59400;STARFRUIT;5036;23;;;;;5043;23;;;;;5039.5;933.34375
0;59400;AMETHYSTS;10002;1;9995;23;;;10005;23;;;;;10003.5;624.0
0;59500;AMETHYSTS;9996;2;9995;22;;;10004;2;10005;22;;;10000.0;626.0
0;59500;STARFRUIT;5037;2;5036;22;;;5043;2;5044;22;;;5040.0;930.0234375
0;59600;AMETHYSTS;10002;1;9996;1;9995;24;10004;1;10005;24;;;10003.0;626.0
0;59600;STARFRUIT;5037;25;;;;;5044;25;;;;;5040.5;925.10546875
0;59700;AMETHYSTS;9996;1;9995;25;;;10004;1;10005;25;;;10000.0;628.0
0;59700;STARFRUIT;5044;1;5038;26;;;5045;26;;;;;5044.5;909.8359375
0;59800;STARFRUIT;5038;24;;;;;5045;24;;;;;5041.5;911.3125
0;59800;AMETHYSTS;9998;9;9996;2;9995;22;10004;2;10005;22;;;10001.0;628.0
0;59900;AMETHYSTS;9996;2;9995;23;;;10004;2;10005;23;;;10000.0;628.0
0;59900;STARFRUIT;5038;2;5037;23;;;5042;4;5044;25;;;5040.0;922.234375
0;60000;AMETHYSTS;9996;1;9995;25;;;9998;3;10002;10;10004;1;9997.0;634.0
0;60000;STARFRUIT;5038;5;5037;26;;;5044;26;;;;;5041.0;927.078125
0;60100;AMETHYSTS;9996;1;9995;27;;;10004;1;10005;27;;;10000.0;640.0
0;60100;STARFRUIT;5037;28;;;;;5044;28;;;;;5040.5;929.3671875
0;60200;STARFRUIT;5037;26;;;;;5044;26;;;;;5040.5;929.9921875
0;60200;AMETHYSTS;9996;1;9995;25;;;10004;1;10005;25;;;10000.0;640.0
0;60300;AMETHYSTS;9998;3;9996;1;9995;23;10004;1;10005;23;;;10001.0;640.0
0;60300;STARFRUIT;5037;24;;;;;5044;24;;;;;5040.5;930.59765625
0;60400;AMETHYSTS;9996;2;9995;22;;;9998;1;10004;2;10005;22;9997.0;640.0
0;60400;STARFRUIT;5037;24;;;;;5043;2;5044;22;;;5040.0;934.6015625
0;60500;AMETHYSTS;9995;25;;;;;10000;2;10005;25;;;9997.5;657.0
0;60500;STARFRUIT;5037;25;;;;;5040;2;5044;25;;;5038.5;934.921875
0;60600;STARFRUIT;5037;21;;;;;5043;1;5044;21;;;5040.0;933.828125
0;60600;AMETHYSTS;9996;1;9995;21;;;10004;1;10005;21;;;10000.0;657.0
0;60700;AMETHYSTS;9998;10;9995;24;;;10005;24;;;;;10001.5;697.0
0;60700;STARFRUIT;5042;9;5037;24;;;5044;24;;;;;5043.0;930.56640625
0;60800;AMETHYSTS;9996;2;9995;26;;;10004;2;10005;26;;;10000.0;689.0
0;60800;STARFRUIT;5043;1;5037;28;;;5044;28;;;;;5043.5;940.234375
0;60900;STARFRUIT;5043;1;5037;29;;;5044;29;;;;;5043.5;941.328125
0;60900;AMETHYSTS;9998;10;9995;29;;;10005;29;;;;;10001.5;689.0
0;61000;AMETHYSTS;9996;1;9995;25;;;9998;1;10004;1;10005;25;9997.0;689.0
0;61000;STARFRUIT;5037;26;;;;;5044;26;;;;;5040.5;942.5390625
0;61100;AMETHYSTS;9996;2;9995;29;;;10004;2;10005;29;;;10000.0;691.0
0;61100;STARFRUIT;5037;31;;;;;5044;31;;;;;5040.5;951.796875
0;61200;AMETHYSTS;9998;1;9995;22;;;10005;22;;;;;10001.5;691.0
0;61200;STARFRUIT;5038;5;5037;22;;;5039;3;5044;22;;;5038.5;942.3125
0;61300;STARFRUIT;5036;27;;;;;5043;27;;;;;5039.5;963.4140625
0;61300;AMETHYSTS;9995;27;;;;;10005;27;;;;;10000.0;689.0
0;61400;AMETHYSTS;9995;28;;;;;10005;28;;;;;10000.0;689.0
0;61400;STARFRUIT;5037;28;;;;;5044;28;;;;;5040.5;955.46875
0;61500;AMETHYSTS;9998;4;9995;22;;;10005;22;;;;;10001.5;689.0
0;61500;STARFRUIT;5042;1;5037;22;;;5044;22;;;;;5043.0;957.8203125
0;61600;AMETHYSTS;9996;1;9995;27;;;10004;1;10005;27;;;10000.0;689.0
0;61600;STARFRUIT;5037;28;;;;;5044;28;;;;;5040.5;951.4609375
0;61700;STARFRUIT;5037;23;;;;;5044;23;;;;;5040.5;949.2734375
0;61700;AMETHYSTS;9996;2;9995;21;;;10004;2;10005;21;;;10000.0;689.0
0;61800;AMETHYSTS;9996;2;9995;24;;;10004;2;10005;24;;;10000.0;689.0
0;61800;STARFRUIT;5037;26;;;;;5038;1;5044;26;;;5037.5;951.46875
0;61900;AMETHYSTS;9995;28;;;;;10002;8;10005;28;;;9998.5;689.0
0;61900;STARFRUIT;5037;28;;;;;5044;28;;;;;5040.5;948.796875
0;62000;AMETHYSTS;9995;24;;;;;10005;24;;;;;10000.0;689.0
0;62000;STARFRUIT;5037;24;;;;;5044;24;;;;;5040.5;977.68359375
0;62100;STARFRUIT;5037;27;;;;;5043;2;5044;25;;;5040.0;980.76171875
0;62100;AMETHYSTS;9996;2;9995;25;;;10002;3;10004;2;10005;25;9999.0;689.0
0;62200;AMETHYSTS;9998;9;9996;2;9995;22;10004;2;10005;22;;;10001.0;689.0
0;62200;STARFRUIT;5037;24;;;;;5042;1;5044;24;;;5039.5;977.015625
0;62300;AMETHYSTS;9995;21;;;;;10005;21;;;;;10000.0;689.0
0;62300;STARFRUIT;5037;21;;;;;5044;21;;;;;5040.5;975.71484375
0;62400;AMETHYSTS;9995;24;;;;;10005;24;;;;;10000.0;689.0
0;62400;STARFRUIT;5037;24;;;;;5044;24;;;;;5040.5;975.5
0;62500;STARFRUIT;5038;2;5037;25;;;5044;27;;;;;5041.0;975.328125
0;62500;AMETHYSTS;9996;2;9995;25;;;10004;2;10005;25;;;10000.0;689.0
0;62600;AMETHYSTS;9998;6;9996;1;9995;21;10004;1;10005;21;;;10001.0;689.0
0;62600;STARFRUIT;5038;1;5037;21;;;5044;22;;;;;5041.0;975.1015625
0;62700;AMETHYSTS;9998;3;9995;25;;;10005;25;;;;;10001.5;689.0
0;62700;STARFRUIT;5037;25;;;;;5044;25;;;;;5040.5;979.3671875
0;62800;AMETHYSTS;9995;22;;;;;10005;22;;;;;10000.0;689.0
0;62800;STARFRUIT;5037;22;;;;;5044;22;;;;;5040.5;1006.7578125
0;62900;STARFRUIT;5037;22;;;;;5043;2;5044;20;;;5040.0;1015.03125
0;62900;AMETHYSTS;10002;11;9998;3;9996;2;10004;2;10005;20;;;10003.0;737.0
0;63000;AMETHYSTS;9995;30;;;;;10005;30;;;;;10000.0;759.0
0;63000;STARFRUIT;5037;30;;;;;5044;30;;;;;5040.5;1004.4765625
0;63100;AMETHYSTS;9995;30;;;;;9998;1;10005;30;;;9996.5;759.0
0;63100;STARFRUIT;5037;30;;;;;5044;30;;;;;5040.5;1001.484375
0;63200;AMETHYSTS;9996;1;9995;24;;;10004;1;10005;24;;;10000.0;761.0
0;63200;STARFRUIT;5038;25;;;;;5044;1;5045;24;;;5041.0;995.796875
0;63300;STARFRUIT;5043;1;5038;30;;;5045;30;;;;;5044.0;992.1015625
0;63300;AMETHYSTS;10002;4;9995;30;;;10005;30;;;;;10003.5;761.0
0;63400;AMETHYSTS;9996;2;9995;22;;;10004;2;10005;22;;;10000.0;769.0
0;63400;STARFRUIT;5038;24;;;;;5044;2;5045;22;;;5041.0;958.0
0;63500;AMETHYSTS;9995;28;;;;;10005;28;;;;;10000.0;769.0
0;63500;STARFRUIT;5038;3;5037;28;;;5044;28;;;;;5041.0;958.0
0;63600;AMETHYSTS;9995;22;;;;;10005;22;;;;;10000.0;769.0
0;63600;STARFRUIT;5042;1;5037;22;;;5044;22;;;;;5043.0;958.0
0;63700;STARFRUIT;5037;21;;;;;5040;5;5042;7;5044;21;5038.5;959.74169921875
0;63700;AMETHYSTS;9995;21;;;;;10000;5;10002;7;10005;21;9997.5;769.0
0;63800;AMETHYSTS;9996;1;9995;27;;;9998;1;10004;1;10005;27;9997.0;769.0
0;63800;STARFRUIT;5036;1;5035;27;;;5042;28;;;;;5039.0;955.85546875
0;63900;AMETHYSTS;9995;22;;;;;10000;2;10005;22;;;9997.5;771.0
0;63900;STARFRUIT;5035;22;;;;;5039;2;5043;22;;;5037.0;956.08984375
0;64000;AMETHYSTS;9995;30;;;;;9998;11;10002;10;10005;30;9996.5;771.0
0;64000;STARFRUIT;5036;2;5035;30;;;5042;30;;;;;5039.0;953.86328125
0;64100;STARFRUIT;5036;28;;;;;5041;4;5042;2;5043;26;5038.5;956.744140625
0;64100;AMETHYSTS;9996;2;9995;26;;;10002;4;10004;2;10005;26;9999.0;793.0
0;64200;AMETHYSTS;9996;2;9995;25;;;10004;2;10005;25;;;10000.0;793.0
0;64200;STARFRUIT;5036;27;;;;;5043;27;;;;;5039.5;958.125
0;64300;AMETHYSTS;9998;4;9996;2;9995;20;10004;2;10005;20;;;10001.0;793.0
0;64300;STARFRUIT;5036;2;5035;22;;;5042;22;;;;;5039.0;954.49609375
0;64400;AMETHYSTS;9996;2;9995;27;;;10004;2;10005;27;;;10000.0;793.0
0;64400;STARFRUIT;5036;4;5035;29;;;5042;29;;;;;5039.0;953.78515625
0;64500;STARFRUIT;5036;7;5035;22;;;5042;22;;;;;5039.0;953.46484375
0;64500;AMETHYSTS;9996;2;9995;20;;;10004;2;10005;20;;;10000.0;793.0
0;64600;AMETHYSTS;9996;2;9995;27;;;10004;2;10005;27;;;10000.0;793.0
0;64600;STARFRUIT;5036;2;5035;27;;;5042;29;;;;;5039.0;955.7578125
0;64700;AMETHYSTS;10002;1;9996;1;9995;28;10004;1;10005;28;;;10003.0;802.0
0;64700;STARFRUIT;5036;1;5035;28;;;5042;1;5043;28;;;5039.0;956.00390625
0;64800;AMETHYSTS;9996;1;9995;20;;;10004;1;10005;20;;;10000.0;802.0
0;64800;STARFRUIT;5036;20;;;;;5042;1;5043;20;;;5039.0;957.12109375
0;64900;STARFRUIT;5036;2;5035;30;;;5042;32;;;;;5039.0;955.1640625
0;64900;AMETHYSTS;9996;2;9995;30;;;9998;4;10002;10;10004;2;9997.0;802.0
0;65000;AMETHYSTS;9996;1;9995;26;;;10002;5;10004;1;10005;26;9999.0;790.0
0;65000;STARFRUIT;5041;1;5036;27;;;5042;1;5043;26;;;5041.5;956.40234375
0;65100;AMETHYSTS;9998;10;9996;1;9995;25;10004;1;10005;25;;;10001.0;790.0
0;65100;STARFRUIT;5036;1;5035;25;;;5042;26;;;;;5039.0;957.490234375
0;65200;AMETHYSTS;9996;1;9995;28;;;10002;6;10004;1;10005;28;9999.0;790.0
0;65200;STARFRUIT;5037;2;5036;29;;;5042;1;5043;28;;;5039.5;959.111328125
0;65300;STARFRUIT;5036;29;;;;;5041;1;5043;29;;;5038.5;958.859375
0;65300;AMETHYSTS;9995;29;;;;;10002;9;10005;29;;;9998.5;790.0
0;65400;STARFRUIT;5035;21;;;;;5037;2;5042;21;;;5036.0;956.55078125
0;65400;AMETHYSTS;9998;10;9995;21;;;10005;21;;;;;10001.5;790.0
0;65500;AMETHYSTS;9995;20;;;;;10005;20;;;;;10000.0;790.0
0;65500;STARFRUIT;5035;20;;;;;5042;20;;;;;5038.5;959.01953125
0;65600;STARFRUIT;5036;6;5035;20;;;5042;20;;;;;5039.0;959.43359375
0;65600;AMETHYSTS;9998;3;9995;20;;;10005;20;;;;;10001.5;790.0
0;65700;STARFRUIT;5035;24;;;;;5036;1;5043;24;;;5035.5;962.1171875
0;65700;AMETHYSTS;9995;24;;;;;10005;24;;;;;10000.0;790.0
0;65800;STARFRUIT;5037;1;5036;30;;;5043;30;;;;;5040.0;967.80859375
0;65800;AMETHYSTS;10002;4;9995;30;;;10005;30;;;;;10003.5;790.0
0;65900;AMETHYSTS;9996;2;9995;24;;;10004;2;10005;24;;;10000.0;798.0
0;65900;STARFRUIT;5037;2;5036;24;;;5043;26;;;;;5040.0;972.80859375
0;66000;STARFRUIT;5037;7;5036;24;;;5043;25;;;;;5040.0;972.53125
0;66000;AMETHYSTS;9996;1;9995;24;;;10004;1;10005;24;;;10000.0;798.0
0;66100;STARFRUIT;5042;1;5037;25;;;5043;2;5044;23;;;5042.5;974.421875
0;66100;AMETHYSTS;9996;2;9995;23;;;10004;2;10005;23;;;10000.0;798.0
0;66200;STARFRUIT;5041;5;5037;23;;;5043;1;5044;22;;;5042.0;979.84765625
0;66200;AMETHYSTS;10002;1;9996;1;9995;22;10004;1;10005;22;;;10003.0;804.0
0;66300;AMETHYSTS;10000;3;9995;20;;;10002;5;10005;20;;;10001.0;806.0
0;66300;STARFRUIT;5040;3;5037;20;;;5044;20;;;;;5042.0;984.0
0;66400;STARFRUIT;5037;2;5036;24;;;5043;26;;;;;5040.0;984.0
0;66400;AMETHYSTS;9996;2;9995;24;;;10004;2;10005;24;;;10000.0;806.0
0;66500;STARFRUIT;5042;1;5037;31;;;5043;1;5044;30;;;5042.5;984.0
0;66500;AMETHYSTS;9996;1;9995;30;;;10004;1;10005;30;;;10000.0;806.0
0;66600;STARFRUIT;5037;31;;;;;5044;31;;;;;5040.5;1004.8984375
0;66600;AMETHYSTS;10002;3;9998;1;9996;2;10004;2;10005;29;;;10003.0;806.0
0;66700;AMETHYSTS;9996;1;9995;25;;;10004;1;10005;25;;;10000.0;812.0
0;66700;STARFRUIT;5038;5;5037;26;;;5044;26;;;;;5041.0;1002.84375
0;66800;STARFRUIT;5038;1;5037;25;;;5044;26;;;;;5041.0;998.1484375
0;66800;AMETHYSTS;9996;1;9995;25;;;10004;1;10005;25;;;10000.0;812.0
0;66900;STARFRUIT;5037;3;5036;20;;;5043;20;;;;;5040.0;1009.8359375
0;66900;AMETHYSTS;9995;20;;;;;10005;20;;;;;10000.0;812.0
0;67000;STARFRUIT;5036;24;;;;;5042;2;5043;22;;;5039.0;1018.3203125
0;67000;AMETHYSTS;9998;1;9996;2;9995;22;10004;2;10005;22;;;10001.0;812.0
0;67100;AMETHYSTS;9996;1;9995;25;;;10004;1;10005;25;;;10000.0;812.0
0;67100;STARFRUIT;5036;26;;;;;5043;26;;;;;5039.5;1013.546875
0;67200;STARFRUIT;5036;23;;;;;5041;6;5043;23;;;5038.5;1013.84375
0;67200;AMETHYSTS;9995;23;;;;;10005;23;;;;;10000.0;812.0
0;67300;STARFRUIT;5038;1;5037;22;;;5043;1;5044;21;;;5040.5;1000.703125
0;67300;AMETHYSTS;9996;1;9995;21;;;10004;1;10005;21;;;10000.0;812.0
0;67400;STARFRUIT;5038;8;5037;29;;;5044;29;;;;;5041.0;1000.578125
0;67400;AMETHYSTS;9996;1;9995;28;;;10004;1;10005;28;;;10000.0;812.0
0;67500;AMETHYSTS;9995;22;;;;;10005;22;;;;;10000.0;828.0
0;67500;STARFRUIT;5037;22;;;;;5044;22;;;;;5040.5;997.0703125
0;67600;STARFRUIT;5038;1;5037;25;;;5044;26;;;;;5041.0;996.8203125
0;67600;AMETHYSTS;9996;1;9995;25;;;10004;1;10005;25;;;10000.0;828.0
0;67700;AMETHYSTS;9996;2;9995;21;;;10000;3;10004;2;10005;21;9998.0;828.0
0;67700;STARFRUIT;5037;23;;;;;5040;3;5044;23;;;5038.5;999.228515625
0;67800;AMETHYSTS;9996;2;9995;30;;;10004;2;10005;30;;;10000.0;828.0
0;67800;STARFRUIT;5038;6;5037;32;;;5044;32;;;;;5041.0;1000.669921875
0;67900;AMETHYSTS;9995;26;;;;;10005;26;;;;;10000.0;843.0
0;67900;STARFRUIT;5036;26;;;;;5043;26;;;;;5039.5;1002.5244140625
0;68000;STARFRUIT;5042;1;5036;25;;;5043;25;;;;;5042.5;1002.841796875
0;68000;AMETHYSTS;9995;25;;;;;10002;5;10005;25;;;9998.5;843.0
0;68100;AMETHYSTS;9996;1;9995;26;;;10002;8;10004;1;10005;26;9999.0;843.0
0;68100;STARFRUIT;5037;7;5036;27;;;5042;1;5043;26;;;5039.5;1007.234375
0;68200;AMETHYSTS;9996;1;9995;23;;;9998;1;10004;1;10005;23;9997.0;843.0
0;68200;STARFRUIT;5036;1;5035;23;;;5042;24;;;;;5039.0;1008.703125
0;68300;AMETHYSTS;9996;1;9995;25;;;10002;4;10004;1;10005;25;9999.0;845.0
0;68300;STARFRUIT;5035;1;5034;25;;;5041;26;;;;;5038.0;1012.640625
0;68400;STARFRUIT;5034;31;;;;;5041;31;;;;;5037.5;1013.375
0;68400;AMETHYSTS;10002;1;9996;1;9995;30;10004;1;10005;30;;;10003.0;845.0
0;68500;AMETHYSTS;9996;1;9995;22;;;10004;1;10005;22;;;10000.0;847.0
0;68500;STARFRUIT;5035;1;5034;22;;;5039;5;5041;23;;;5037.0;1012.103515625
0;68600;AMETHYSTS;9995;27;;;;;9998;1;10005;27;;;9996.5;847.0
0;68600;STARFRUIT;5034;27;;;;;5042;27;;;;;5038.0;1012.01171875
0;68700;AMETHYSTS;9998;10;9996;2;9995;20;10004;2;10005;20;;;10001.0;849.0
0;68700;STARFRUIT;5035;22;;;;;5041;2;5042;20;;;5038.0;1011.69140625
0;68800;STARFRUIT;5035;1;5034;30;;;5037;6;5041;1;5042;30;5036.0;1012.037109375
0;68800;AMETHYSTS;9996;1;9995;30;;;10000;6;10002;1;10004;1;9998.0;849.0
0;68900;AMETHYSTS;9998;3;9996;2;9995;23;10004;2;10005;23;;;10001.0;849.0
0;68900;STARFRUIT;5035;25;;;;;5041;2;5042;23;;;5038.0;1016.0
0;69000;AMETHYSTS;9996;1;9995;27;;;10004;1;10005;27;;;10000.0;849.0
0;69000;STARFRUIT;5035;28;;;;;5041;1;5042;27;;;5038.0;1016.0
0;69100;AMETHYSTS;9996;1;9995;25;;;10004;1;10005;25;;;10000.0;849.0
0;69100;STARFRUIT;5036;1;5035;26;;;5041;1;5042;25;;;5038.5;1016.0
0;69200;STARFRUIT;5035;21;;;;;5042;21;;;;;5038.5;1016.0
0;69200;AMETHYSTS;9996;1;9995;20;;;10002;8;10004;1;10005;20;9999.0;849.0
0;69300;AMETHYSTS;9996;1;9995;23;;;10004;1;10005;23;;;10000.0;849.0
0;69300;STARFRUIT;5035;1;5034;23;;;5041;24;;;;;5038.0;1016.0
0;69400;AMETHYSTS;9995;22;;;;;10005;22;;;;;10000.0;849.0
0;69400;STARFRUIT;5035;4;5034;22;;;5041;22;;;;;5038.0;1016.0
0;69500;AMETHYSTS;9996;1;9995;30;;;10002;8;10004;1;10005;30;9999.0;849.0
0;69500;STARFRUIT;5034;2;5033;31;;;5039;1;5040;30;;;5036.5;1016.0
0;69600;STARFRUIT;5033;27;;;;;5040;27;;;;;5036.5;1016.0
0;69600;AMETHYSTS;9996;2;9995;25;;;10004;2;10005;25;;;10000.0;849.0
0;69700;AMETHYSTS;10002;1;9996;2;9995;24;10004;2;10005;24;;;10003.0;849.0
0;69700;STARFRUIT;5033;26;;;;;5040;26;;;;;5036.5;1016.0
0;69800;AMETHYSTS;9996;1;9995;22;;;10004;1;10005;22;;;10000.0;851.0
0;69800;STARFRUIT;5034;22;;;;;5040;1;5041;22;;;5037.0;1016.0
0;69900;STARFRUIT;5034;26;;;;;5040;2;5041;24;;;5037.0;1016.0
0;69900;AMETHYSTS;10002;1;9998;10;9996;2;10004;2;10005;24;;;10003.0;851.0
0;70000;AMETHYSTS;9996;2;9995;28;;;10004;2;10005;28;;;10000.0;853.0
0;70000;STARFRUIT;5034;2;5033;28;;;5040;2;5041;28;;;5037.0;1016.0
0;70100;AMETHYSTS;10002;1;9995;27;;;10005;27;;;;;10003.5;853.0
0;70100;STARFRUIT;5033;27;;;;;5034;1;5040;27;;;5033.5;1016.0
0;70200;AMETHYSTS;9996;2;9995;28;;;10004;2;10005;28;;;10000.0;855.0
0;70200;STARFRUIT;5033;30;;;;;5040;30;;;;;5036.5;1018.751953125
0;70300;STARFRUIT;5034;5;5033;24;;;5040;25;;;;;5037.0;1018.80517578125
0;70300;AMETHYSTS;9998;10;9996;1;9995;24;10004;1;10005;24;;;10001.0;855.0
0;70400;AMETHYSTS;10002;13;9996;2;9995;29;10004;2;10005;29;;;10003.0;855.0
0;70400;STARFRUIT;5034;31;;;;;5041;31;;;;;5037.5;1021.0
0;70500;AMETHYSTS;10002;1;9995;21;;;10005;21;;;;;10003.5;881.0
0;70500;STARFRUIT;5034;21;;;;;5035;3;5041;21;;;5034.5;1021.0
0;70600;AMETHYSTS;10002;1;10000;3;9996;1;10004;1;10005;22;;;10003.0;883.0
0;70600;STARFRUIT;5036;2;5034;1;5033;22;5040;1;5041;22;;;5038.0;1026.9560546875
0;70700;STARFRUIT;5033;27;;;;;5040;27;;;;;5036.5;1024.59130859375
0;70700;AMETHYSTS;9995;27;;;;;10005;27;;;;;10000.0;885.0
0;70800;AMETHYSTS;9996;2;9995;20;;;9998;5;10002;8;10004;2;9997.0;889.0
0;70800;STARFRUIT;5033;22;;;;;5040;22;;;;;5036.5;1027.0
0;70900;AMETHYSTS;9995;21;;;;;10005;21;;;;;10000.0;899.0
0;70900;STARFRUIT;5033;21;;;;;5034;1;5040;21;;;5033.5;1027.0
0;71000;AMETHYSTS;9996;2;9995;28;;;9998;3;10004;2;10005;28;9997.0;899.0
0;71000;STARFRUIT;5034;2;5033;28;;;5038;1;5040;30;;;5036.0;1029.8515625
0;71100;STARFRUIT;5035;6;5034;30;;;5041;30;;;;;5038.0;1030.326171875
0;71100;AMETHYSTS;9998;4;9995;30;;;10005;30;;;;;10001.5;905.0
0;71200;AMETHYSTS;9996;1;9995;27;;;9998;1;10004;1;10005;27;9997.0;915.0
0;71200;STARFRUIT;5035;1;5034;27;;;5041;28;;;;;5038.0;1028.0
0;71300;AMETHYSTS;9996;2;9995;28;;;10004;2;10005;28;;;10000.0;917.0
0;71300;STARFRUIT;5035;2;5034;28;;;5040;8;5041;2;5042;28;5037.5;1028.0
0;71400;AMETHYSTS;10002;2;9996;2;9995;25;10004;2;10005;25;;;10003.0;917.0
0;71400;STARFRUIT;5036;2;5035;25;;;5040;6;5042;27;;;5038.0;1028.0
0;71500;STARFRUIT;5035;26;;;;;5040;5;5042;26;;;5037.5;1028.0
0;71500;AMETHYSTS;9995;26;;;;;10005;26;;;;;10000.0;921.0
0;71600;AMETHYSTS;9998;7;9996;2;9995;29;10004;2;10005;29;;;10001.0;921.0
0;71600;STARFRUIT;5035;31;;;;;5042;31;;;;;5038.5;1028.0
0;71700;AMETHYSTS;9996;1;9995;25;;;9998;1;10004;1;10005;25;9997.0;921.0
0;71700;STARFRUIT;5035;26;;;;;5042;26;;;;;5038.5;1028.0
0;71800;AMETHYSTS;9995;22;;;;;9998;1;10005;22;;;9996.5;926.0
0;71800;STARFRUIT;5035;22;;;;;5042;22;;;;;5038.5;1030.853515625
0;71900;STARFRUIT;5036;30;;;;;5043;30;;;;;5039.5;1031.42919921875
0;71900;AMETHYSTS;9996;2;9995;28;;;10004;2;10005;28;;;10000.0;928.0
0;72000;AMETHYSTS;9998;2;9996;1;9995;23;10004;1;10005;23;;;10001.0;928.0
0;72000;STARFRUIT;5036;24;;;;;5043;24;;;;;5039.5;1031.42333984375
0;72100;AMETHYSTS;9996;2;9995;24;;;9998;1;10004;2;10005;24;9997.0;928.0
0;72100;STARFRUIT;5035;26;;;;;5042;26;;;;;5038.5;1030.74072265625
0;72200;AMETHYSTS;9995;25;;;;;9998;1;10005;25;;;9996.5;930.0
0;72200;STARFRUIT;5035;25;;;;;5042;25;;;;;5038.5;1030.58056640625
0;72300;STARFRUIT;5036;1;5035;22;;;5040;3;5042;23;;;5038.0;1030.81005859375
0;72300;AMETHYSTS;9996;1;9995;22;;;10004;1;10005;22;;;10000.0;932.0
0;72400;AMETHYSTS;9995;25;;;;;10005;25;;;;;10000.0;932.0
0;72400;STARFRUIT;5036;25;;;;;5043;25;;;;;5039.5;1031.509765625
0;72500;AMETHYSTS;10000;4;9996;2;9995;20;10004;2;10005;20;;;10002.0;932.0
0;72500;STARFRUIT;5039;4;5037;2;5036;20;5043;22;;;;;5041.0;1031.89013671875
0;72600;AMETHYSTS;9998;8;9995;28;;;10005;28;;;;;10001.5;932.0
0;72600;STARFRUIT;5036;28;;;;;5043;28;;;;;5039.5;1031.0
0;72700;STARFRUIT;5036;28;;;;;5043;28;;;;;5039.5;1031.0
0;72700;AMETHYSTS;9995;28;;;;;10005;28;;;;;10000.0;932.0
0;72800;AMETHYSTS;9996;2;9995;27;;;10004;2;10005;27;;;10000.0;932.0
0;72800;STARFRUIT;5036;29;;;;;5037;8;5043;29;;;5036.5;1031.0
0;72900;AMETHYSTS;9996;1;9995;22;;;10002;4;10004;1;10005;22;9999.0;932.0
0;72900;STARFRUIT;5037;2;5036;23;;;5043;23;;;;;5040.0;1049.76953125
0;73000;AMETHYSTS;9995;21;;;;;10005;21;;;;;10000.0;932.0
0;73000;STARFRUIT;5036;21;;;;;5041;8;5043;21;;;5038.5;1054.10546875
0;73100;STARFRUIT;5037;28;;;;;5042;3;5043;1;5044;27;5039.5;1056.15234375
0;73100;AMETHYSTS;9996;1;9995;27;;;10002;7;10004;1;10005;27;9999.0;932.0
0;73200;AMETHYSTS;9996;1;9995;23;;;10002;7;10004;1;10005;23;9999.0;932.0
0;73200;STARFRUIT;5037;24;;;;;5044;24;;;;;5040.5;1058.80859375
0;73300;AMETHYSTS;9996;2;9995;23;;;10004;2;10005;23;;;10000.0;932.0
0;73300;STARFRUIT;5037;25;;;;;5044;25;;;;;5040.5;1061.13671875
0;73400;AMETHYSTS;9995;30;;;;;10002;6;10005;30;;;9998.5;932.0
0;73400;STARFRUIT;5038;30;;;;;5045;30;;;;;5041.5;1063.58203125
0;73500;STARFRUIT;5038;25;;;;;5044;1;5045;24;;;5041.0;1064.53125
0;73500;AMETHYSTS;9998;6;9996;1;9995;24;10004;1;10005;24;;;10001.0;932.0
0;73600;AMETHYSTS;9995;30;;;;;9998;1;10005;30;;;9996.5;932.0
0;73600;STARFRUIT;5038;30;;;;;5045;30;;;;;5041.5;1065.296875
0;73700;AMETHYSTS;10002;4;9995;25;;;10005;25;;;;;10003.5;942.0
0;73700;STARFRUIT;5038;25;;;;;5045;25;;;;;5041.5;1070.05078125
0;73800;AMETHYSTS;9998;1;9996;1;9995;21;10004;1;10005;21;;;10001.0;950.0
0;73800;STARFRUIT;5038;22;;;;;5045;22;;;;;5041.5;1071.98046875
0;73900;STARFRUIT;5038;27;;;;;5046;27;;;;;5042.0;1077.03515625
0;73900;AMETHYSTS;9995;27;;;;;10005;27;;;;;10000.0;950.0
0;74000;AMETHYSTS;10000;5;9996;2;9995;27;10004;2;10005;27;;;10002.0;958.0
0;74000;STARFRUIT;5041;6;5039;7;5038;29;5045;29;;;;;5043.0;1080.26953125
0;74100;AMETHYSTS;9998;5;9996;1;9995;23;10004;1;10005;23;;;10001.0;958.0
0;74100;STARFRUIT;5042;3;5038;24;;;5045;24;;;;;5043.5;1078.85546875
0;74200;STARFRUIT;5038;31;;;;;5043;7;5045;31;;;5040.5;1079.8828125
0;74200;AMETHYSTS;9996;1;9995;30;;;10002;1;10004;1;10005;30;9999.0;958.0
0;74300;STARFRUIT;5039;1;5038;26;;;5043;3;5045;27;;;5041.0;1082.673828125
0;74300;AMETHYSTS;9998;6;9996;1;9995;26;10004;1;10005;26;;;10001.0;960.0
0;74400;STARFRUIT;5039;23;;;;;5046;23;;;;;5042.5;1083.96875
0;74400;AMETHYSTS;9996;2;9995;21;;;10004;2;10005;21;;;10000.0;960.0
0;74500;AMETHYSTS;9996;2;9995;24;;;10004;2;10005;24;;;10000.0;960.0
0;74500;STARFRUIT;5044;1;5043;3;5039;26;5046;26;;;;;5045.0;1083.662109375
0;74600;STARFRUIT;5040;1;5039;29;;;5046;29;;;;;5043.0;1085.23583984375
0;74600;AMETHYSTS;9996;2;9995;27;;;9998;2;10004;2;10005;27;9997.0;960.0
0;74700;STARFRUIT;5039;27;;;;;5046;27;;;;;5042.5;1085.31640625
0;74700;AMETHYSTS;9996;1;9995;26;;;10004;1;10005;26;;;10000.0;964.0
0;74800;STARFRUIT;5039;3;5038;24;;;5045;26;;;;;5042.0;1084.96875
0;74800;AMETHYSTS;9996;2;9995;24;;;10004;2;10005;24;;;10000.0;964.0
0;74900;AMETHYSTS;9996;1;9995;27;;;10004;1;10005;27;;;10000.0;964.0
0;74900;STARFRUIT;5039;1;5038;27;;;5045;1;5046;27;;;5042.0;1084.97705078125
0;75000;STARFRUIT;5039;1;5038;21;;;5045;22;;;;;5042.0;1084.90576171875
0;75000;AMETHYSTS;9996;1;9995;21;;;9998;4;10004;1;10005;21;9997.0;964.0
0;75100;STARFRUIT;5039;2;5038;26;;;5045;2;5046;26;;;5042.0;1084.98974609375
0;75100;AMETHYSTS;9996;2;9995;26;;;10002;8;10004;2;10005;26;9999.0;975.0
0;75200;STARFRUIT;5040;7;5039;31;;;5046;31;;;;;5043.0;1085.30908203125
0;75200;AMETHYSTS;9996;1;9995;30;;;10004;1;10005;30;;;10000.0;975.0
0;75300;AMETHYSTS;9998;7;9996;1;9995;26;10004;1;10005;26;;;10001.0;975.0
0;75300;STARFRUIT;5040;27;;;;;5046;1;5047;26;;;5043.0;1083.0
0;75400;STARFRUIT;5039;25;;;;;5046;25;;;;;5042.5;1083.0
0;75400;AMETHYSTS;9995;25;;;;;10005;25;;;;;10000.0;975.0
0;75500;STARFRUIT;5039;23;;;;;5046;23;;;;;5042.5;1083.0
0;75500;AMETHYSTS;9996;1;9995;22;;;10004;1;10005;22;;;10000.0;975.0
0;75600;STARFRUIT;5039;2;5038;23;;;5045;2;5046;23;;;5042.0;1087.0234375
0;75600;AMETHYSTS;9996;2;9995;23;;;9998;9;10004;2;10005;23;9997.0;979.0
0;75700;AMETHYSTS;9996;2;9995;25;;;10004;2;10005;25;;;10000.0;997.0
0;75700;STARFRUIT;5044;1;5039;27;;;5046;27;;;;;5045.0;1087.6015625
0;75800;STARFRUIT;5045;1;5040;1;5039;28;5046;28;;;;;5045.5;1092.4189453125
0;75800;AMETHYSTS;9996;2;9995;26;;;10002;3;10004;2;10005;26;9999.0;1003.0
0;75900;STARFRUIT;5039;24;;;;;5044;3;5045;2;5046;22;5041.5;1095.546875
0;75900;AMETHYSTS;9996;2;9995;22;;;10004;2;10005;22;;;10000.0;1003.0
