day;timestamp;product;bid_price_1;bid_volume_1;bid_price_2;bid_volume_2;bid_price_3;bid_volume_3;ask_price_1;ask_volume_1;ask_price_2;ask_volume_2;ask_price_3;ask_volume_3;mid_price;profit_and_loss
-2;0;AMETHYSTS;10002;1;9996;2;9995;29;10004;2;10005;29;;;10003.0;0.0
-2;0;STARFRUIT;5002;1;4997;31;;;5003;31;;;;;5002.5;0.0
-2;100;AMETHYSTS;9996;2;9995;22;;;10004;2;10005;22;;;10000.0;-8.0
-2;100;STARFRUIT;4997;24;;;;;5003;2;5004;22;;;5000.0;0.0
-2;200;STARFRUIT;4997;2;4996;20;;;5003;20;;;;;5000.0;-6.26953125
-2;200;AMETHYSTS;9995;20;;;;;10005;20;;;;;10000.0;-16.0
-2;300;AMETHYSTS;9996;2;9995;29;;;10004;2;10005;29;;;10000.0;-116.0
-2;300;STARFRUIT;4996;31;;;;;5003;31;;;;;4999.5;-12.0
-2;400;AMETHYSTS;9996;2;9995;25;;;10004;2;10005;25;;;10000.0;-124.0
-2;400;STARFRUIT;4995;27;;;;;5002;27;;;;;4998.5;-12.0
-2;500;AMETHYSTS;9995;30;;;;;10002;4;10005;30;;;9998.5;-132.0
-2;500;STARFRUIT;4996;30;;;;;5003;30;;;;;4999.5;-12.0
-2;600;STARFRUIT;4999;5;4997;6;4996;25;5003;25;;;;;5001.0;-12.0
-2;600;AMETHYSTS;10000;5;9995;25;;;10005;25;;;;;10002.5;-282.0
-2;700;AMETHYSTS;9995;23;;;;;10005;23;;;;;10000.0;-407.0
-2;700;STARFRUIT;4997;2;4996;23;;;5003;23;;;;;5000.0;-12.0
-2;800;AMETHYSTS;9996;1;9995;29;;;10004;1;10005;29;;;10000.0;-522.0
-2;800;STARFRUIT;4997;30;;;;;5003;1;5004;29;;;5000.0;-12.0
-2;900;AMETHYSTS;9996;1;9995;22;;;10004;1;10005;22;;;10000.0;-526.0
-2;900;STARFRUIT;4997;23;;;;;5003;1;5004;22;;;5000.0;-14.81396484375
-2;1000;STARFRUIT;4996;26;;;;;5001;6;5003;26;;;4998.5;-15.03515625
-2;1000;AMETHYSTS;9995;26;;;;;10005;26;;;;;10000.0;-530.0
-2;1100;STARFRUIT;4998;6;4997;26;;;5004;26;;;;;5001.0;-14.646484375
-2;1100;AMETHYSTS;9996;2;9995;24;;;10004;2;10005;24;;;10000.0;-660.0
-2;1200;AMETHYSTS;9995;21;;;;;9998;1;10005;21;;;9996.5;-668.0
-2;1200;STARFRUIT;4997;21;;;;;5002;8;5004;21;;;4999.5;-28.14453125
-2;1300;STARFRUIT;4997;31;;;;;5003;1;5004;30;;;5000.0;-42.708984375
-2;1300;AMETHYSTS;10002;1;9996;1;9995;30;10004;1;10005;30;;;10003.0;-773.0
-2;1400;STARFRUIT;4997;3;4996;25;;;5003;26;;;;;5000.0;-43.658203125
-2;1400;AMETHYSTS;9996;1;9995;25;;;10004;1;10005;25;;;10000.0;-777.0
-2;1500;STARFRUIT;4996;27;;;;;5003;27;;;;;4999.5;-52.0
-2;1500;AMETHYSTS;9995;27;;;;;10005;27;;;;;10000.0;-781.0
-2;1600;AMETHYSTS;9995;29;;;;;10005;29;;;;;10000.0;-781.0
-2;1600;STARFRUIT;4996;29;;;;;5001;4;5003;29;;;4998.5;-52.0
-2;1700;STARFRUIT;4997;22;;;;;5002;8;5003;2;5004;20;4999.5;-55.451171875
-2;1700;AMETHYSTS;9996;2;9995;20;;;10002;1;10004;2;10005;20;9999.0;-781.0
-2;1800;STARFRUIT;4997;1;4996;22;;;5003;23;;;;;5000.0;-120.1015625
-2;1800;AMETHYSTS;10002;1;9996;1;9995;22;10004;1;10005;22;;;10003.0;-783.0
-2;1900;STARFRUIT;4997;1;4996;28;;;5001;5;5003;29;;;4999.0;-191.27734375
-2;1900;AMETHYSTS;9996;1;9995;28;;;10004;1;10005;28;;;10000.0;-787.0
-2;2000;AMETHYSTS;9996;2;9995;24;;;9998;1;10004;2;10005;24;9997.0;-791.0
-2;2000;STARFRUIT;4996;26;;;;;5003;26;;;;;4999.5;-195.6484375
-2;2100;STARFRUIT;4997;2;4996;25;;;5003;27;;;;;5000.0;-194.310546875
-2;2100;AMETHYSTS;9996;2;9995;25;;;10002;3;10004;2;10005;25;9999.0;-789.0
-2;2200;STARFRUIT;4997;1;4996;24;;;5001;7;5003;25;;;4999.0;-200.0068359375
-2;2200;AMETHYSTS;9998;8;9996;1;9995;24;10004;1;10005;24;;;10001.0;-795.0
-2;2300;STARFRUIT;4997;32;;;;;5003;2;5004;30;;;5000.0;-202.87255859375
-2;2300;AMETHYSTS;9998;7;9996;2;9995;30;10004;2;10005;30;;;10001.0;-811.0
-2;2400;AMETHYSTS;9995;29;;;;;10005;29;;;;;10000.0;-819.0
-2;2400;STARFRUIT;4997;28;;;;;5004;29;;;;;5000.5;-202.7099609375
-2;2500;STARFRUIT;4997;3;4996;22;;;5003;23;;;;;5000.0;-203.11328125
-2;2500;AMETHYSTS;9996;1;9995;22;;;10004;1;10005;22;;;10000.0;-819.0
-2;2600;STARFRUIT;4998;3;4997;23;;;5004;23;;;;;5001.0;-212.3955078125
-2;2600;AMETHYSTS;9995;23;;;;;10005;23;;;;;10000.0;-823.0
-2;2700;STARFRUIT;4998;26;;;;;5005;26;;;;;5001.5;-214.033203125
-2;2700;AMETHYSTS;9998;6;9995;26;;;10005;26;;;;;10001.5;-938.0
-2;2800;AMETHYSTS;9995;25;;;;;10005;25;;;;;10000.0;-950.0
-2;2800;STARFRUIT;4997;25;;;;;5004;25;;;;;5000.5;-212.7255859375
-2;2900;STARFRUIT;4996;26;;;;;5003;26;;;;;4999.5;-211.3466796875
-2;2900;AMETHYSTS;9996;1;9995;25;;;10004;1;10005;25;;;10000.0;-1075.0
-2;3000;STARFRUIT;4997;3;4996;26;;;5003;26;;;;;5000.0;-210.1455078125
-2;3000;AMETHYSTS;9998;1;9995;26;;;10005;26;;;;;10001.5;-1079.0
-2;3100;STARFRUIT;4996;26;;;;;5001;5;5003;26;;;4998.5;-210.814453125
-2;3100;AMETHYSTS;9996;2;9995;24;;;10004;2;10005;24;;;10000.0;-1209.0
-2;3200;AMETHYSTS;9996;1;9995;22;;;10004;1;10005;22;;;10000.0;-1217.0
-2;3200;STARFRUIT;4996;23;;;;;5001;3;5003;23;;;4998.5;-218.626953125
-2;3300;STARFRUIT;4997;2;4996;30;;;5001;2;5003;32;;;4999.0;-306.734375
-2;3300;AMETHYSTS;9996;2;9995;30;;;10004;2;10005;30;;;10000.0;-1221.0
-2;3400;STARFRUIT;4997;26;;;;;5003;2;5004;24;;;5000.0;-314.1171875
-2;3400;AMETHYSTS;9996;2;9995;24;;;10004;2;10005;24;;;10000.0;-1229.0
-2;3500;STARFRUIT;4997;26;;;;;5004;26;;;;;5000.5;-321.109375
-2;3500;AMETHYSTS;9995;26;;;;;10005;26;;;;;10000.0;-1237.0
-2;3600;AMETHYSTS;9995;21;;;;;9998;4;10005;21;;;9996.5;-1367.0
-2;3600;STARFRUIT;4997;21;;;;;5004;21;;;;;5000.5;-417.30859375
-2;3700;STARFRUIT;4998;3;4997;24;;;5004;24;;;;;5001.0;-487.30859375
-2;3700;AMETHYSTS;10002;1;9996;1;9995;23;10004;1;10005;23;;;10003.0;-1359.0
-2;3800;STARFRUIT;4997;25;;;;;5004;25;;;;;5000.5;-571.6015625
-2;3800;AMETHYSTS;9996;2;9995;23;;;10002;10;10004;2;10005;23;9999.0;-1363.0
-2;3900;STARFRUIT;4998;2;4997;26;;;5003;1;5004;25;;;5000.5;-657.3359375
-2;3900;AMETHYSTS;9998;1;9996;1;9995;25;10004;1;10005;25;;;10001.0;-1383.0
-2;4000;AMETHYSTS;9996;2;9995;30;;;10004;2;10005;30;;;10000.0;-1387.0
-2;4000;STARFRUIT;4997;32;;;;;5003;2;5004;30;;;5000.0;-658.28515625
-2;4100;STARFRUIT;4997;29;;;;;5003;2;5004;27;;;5000.0;-665.09765625
-2;4100;AMETHYSTS;9996;2;9995;27;;;10004;2;10005;27;;;10000.0;-1395.0
-2;4200;STARFRUIT;4998;2;4997;24;;;5004;26;;;;;5001.0;-675.87109375
-2;4200;AMETHYSTS;9996;2;9995;24;;;10002;4;10004;2;10005;24;9999.0;-1403.0
-2;4300;STARFRUIT;4998;7;4997;22;;;5000;5;5004;22;;;4999.0;-763.859375
-2;4300;AMETHYSTS;9995;22;;;;;9998;1;10000;6;10005;22;9996.5;-1411.0
-2;4400;AMETHYSTS;9995;30;;;;;10005;30;;;;;10000.0;-1521.0
-2;4400;STARFRUIT;4997;30;;;;;5004;30;;;;;5000.5;-786.765625
-2;4500;STARFRUIT;4996;28;;;;;5003;29;;;;;4999.5;-875.796875
-2;4500;AMETHYSTS;9996;1;9995;28;;;10002;10;10004;1;10005;28;9999.0;-1671.0
-2;4600;STARFRUIT;4997;30;;;;;5004;30;;;;;5000.5;-962.10546875
-2;4600;AMETHYSTS;9996;1;9995;29;;;10002;10;10004;1;10005;29;9999.0;-1675.0
-2;4700;STARFRUIT;4997;32;;;;;4998;7;5002;3;5003;2;4997.5;-1058.203125
-2;4700;AMETHYSTS;9996;2;9995;30;;;10004;2;10005;30;;;10000.0;-1679.0
-2;4800;AMETHYSTS;9998;6;9996;2;9995;22;10004;2;10005;22;;;10001.0;-1687.0
-2;4800;STARFRUIT;4997;24;;;;;5004;24;;;;;5000.5;-1049.34375
-2;4900;STARFRUIT;4996;22;;;;;5003;22;;;;;4999.5;-1137.6171875
-2;4900;AMETHYSTS;9995;22;;;;;10002;7;10005;22;;;9998.5;-1699.0
-2;5000;STARFRUIT;4997;30;;;;;5004;30;;;;;5000.5;-1228.9765625
-2;5000;AMETHYSTS;9998;3;9996;2;9995;28;10004;2;10005;28;;;10001.0;-1699.0
-2;5100;STARFRUIT;4998;7;4997;30;;;5004;31;;;;;5001.0;-1328.8203125
-2;5100;AMETHYSTS;9996;1;9995;30;;;10004;1;10005;30;;;10000.0;-1705.0
-2;5200;AMETHYSTS;9998;9;9996;1;9995;26;10004;1;10005;26;;;10001.0;-1709.0
-2;5200;STARFRUIT;4998;8;4997;27;;;5003;1;5004;26;;;5000.5;-1355.84375
-2;5300;STARFRUIT;5002;1;4997;21;;;5004;21;;;;;5003.0;-1373.484375
-2;5300;AMETHYSTS;9996;1;9995;20;;;10004;1;10005;20;;;10000.0;-1713.0
-2;5400;STARFRUIT;4997;21;;;;;5002;6;5004;21;;;4999.5;-1369.853515625
-2;5400;AMETHYSTS;9995;21;;;;;10005;21;;;;;10000.0;-1717.0
-2;5500;AMETHYSTS;9995;27;;;;;10005;27;;;;;10000.0;-1822.0
-2;5500;STARFRUIT;4997;27;;;;;5004;27;;;;;5000.5;-1449.9609375
-2;5600;STARFRUIT;5002;2;4998;28;;;5005;28;;;;;5003.5;-1531.8125
-2;5600;AMETHYSTS;9995;28;;;;;10005;28;;;;;10000.0;-1957.0
-2;5700;STARFRUIT;4999;26;;;;;5006;27;;;;;5002.5;-1522.68359375
-2;5700;AMETHYSTS;9998;2;9995;27;;;10005;27;;;;;10001.5;-1957.0
-2;5800;STARFRUIT;4999;31;;;;;5006;31;;;;;5002.5;-1606.9140625
-2;5800;AMETHYSTS;9996;1;9995;30;;;10004;1;10005;30;;;10000.0;-1961.0
-2;5900;AMETHYSTS;9996;2;9995;28;;;10004;2;10005;28;;;10000.0;-1965.0
-2;5900;STARFRUIT;5000;5;4999;30;;;5005;2;5006;28;;;5002.5;-1723.91796875
-2;6000;STARFRUIT;4998;30;;;;;5005;30;;;;;5001.5;-1737.18359375
-2;6000;AMETHYSTS;9995;30;;;;;10005;30;;;;;10000.0;-1973.0
-2;6100;STARFRUIT;4999;24;;;;;5005;1;5006;24;;;5002.0;-1735.125
-2;6100;AMETHYSTS;9996;1;9995;24;;;10004;1;10005;24;;;10000.0;-1973.0
-2;6200;STARFRUIT;4999;22;;;;;5005;1;5006;21;;;5002.0;-1808.484375
-2;6200;AMETHYSTS;9996;1;9995;21;;;10004;1;10005;21;;;10000.0;-1977.0
-2;6300;AMETHYSTS;9996;2;9995;23;;;10004;2;10005;23;;;10000.0;-1981.0
-2;6300;STARFRUIT;4999;7;4998;23;;;5005;25;;;;;5002.0;-1810.375
-2;6400;STARFRUIT;4999;1;4998;24;;;5005;25;;;;;5002.0;-1886.84375
-2;6400;AMETHYSTS;9996;1;9995;24;;;10004;1;10005;24;;;10000.0;-1989.0
-2;6500;STARFRUIT;4999;27;;;;;5005;1;5006;26;;;5002.0;-1887.4375
-2;6500;AMETHYSTS;9996;1;9995;26;;;9998;1;10004;1;10005;26;9997.0;-1993.0
-2;6600;STARFRUIT;4998;26;;;;;5005;26;;;;;5001.5;-1965.46875
-2;6600;AMETHYSTS;9996;2;9995;24;;;10004;2;10005;24;;;10000.0;-1997.0
-2;6700;AMETHYSTS;9995;20;;;;;10002;3;10005;20;;;9998.5;-2005.0
-2;6700;STARFRUIT;4999;7;4998;20;;;5005;20;;;;;5002.0;-2054.8984375
-2;6800;STARFRUIT;4997;32;;;;;5002;8;5003;2;5004;30;4999.5;-2070.8330078125
-2;6800;AMETHYSTS;9996;2;9995;30;;;10004;2;10005;30;;;10000.0;-2105.0
-2;6900;STARFRUIT;4997;27;;;;;5002;1;5004;27;;;4999.5;-2070.3564453125
-2;6900;AMETHYSTS;9996;1;9995;26;;;10002;5;10004;1;10005;26;9999.0;-2113.0
-2;7000;STARFRUIT;5002;4;4997;27;;;5004;27;;;;;5003.0;-2070.32763671875
-2;7000;AMETHYSTS;9998;2;9995;27;;;10005;27;;;;;10001.5;-2123.0
-2;7100;AMETHYSTS;9996;1;9995;29;;;10004;1;10005;29;;;10000.0;-2258.0
-2;7100;STARFRUIT;4998;30;;;;;5005;30;;;;;5001.5;-2066.8203125
-2;7200;STARFRUIT;4998;28;;;;;5005;28;;;;;5001.5;-2066.806640625
-2;7200;AMETHYSTS;9998;5;9996;1;9995;27;10004;1;10005;27;;;10001.0;-2262.0
-2;7300;STARFRUIT;4998;6;4997;29;;;5004;31;;;;;5001.0;-2065.916015625
-2;7300;AMETHYSTS;10002;1;9996;2;9995;29;10004;2;10005;29;;;10003.0;-2272.0
-2;7400;STARFRUIT;4998;22;;;;;5004;1;5005;22;;;5001.0;-2066.486328125
-2;7400;AMETHYSTS;9996;1;9995;22;;;10004;1;10005;22;;;10000.0;-2270.0
-2;7500;AMETHYSTS;9995;25;;;;;10002;10;10005;25;;;9998.5;-2274.0
-2;7500;STARFRUIT;4998;25;;;;;5005;25;;;;;5001.5;-2069.26171875
-2;7600;STARFRUIT;4997;22;;;;;5004;22;;;;;5000.5;-2068.259765625
-2;7600;AMETHYSTS;9996;2;9995;20;;;10004;2;10005;20;;;10000.0;-2399.0
-2;7700;AMETHYSTS;9995;22;;;;;10005;22;;;;;10000.0;-2407.0
-2;7700;STARFRUIT;4997;21;;;;;5004;22;;;;;5000.5;-2149.4609375
-2;7800;AMETHYSTS;9998;3;9996;1;9995;22;10004;1;10005;22;;;10001.0;-2517.0
-2;7800;STARFRUIT;4998;1;4997;22;;;5004;23;;;;;5001.0;-2218.97998046875
-2;7900;AMETHYSTS;9996;1;9995;26;;;10004;1;10005;26;;;10000.0;-2523.0
-2;7900;STARFRUIT;4999;4;4998;27;;;5004;1;5005;26;;;5001.5;-2219.1201171875
-2;8000;STARFRUIT;4998;27;;;;;5003;8;5005;27;;;5000.5;-2222.0
-2;8000;AMETHYSTS;9995;27;;;;;10005;27;;;;;10000.0;-2527.0
-2;8100;AMETHYSTS;9996;1;9995;22;;;10004;1;10005;22;;;10000.0;-2527.0
-2;8100;STARFRUIT;4998;23;;;;;5004;1;5005;22;;;5001.0;-2236.60546875
-2;8200;AMETHYSTS;9995;23;;;;;10005;23;;;;;10000.0;-2531.0
-2;8200;STARFRUIT;4997;23;;;;;5002;1;5004;23;;;4999.5;-2305.484375
-2;8300;AMETHYSTS;9996;1;9995;29;;;10004;1;10005;29;;;10000.0;-2531.0
-2;8300;STARFRUIT;4998;30;;;;;5005;30;;;;;5001.5;-2311.546875
-2;8400;STARFRUIT;4998;28;;;;;5005;28;;;;;5001.5;-2424.625
-2;8400;AMETHYSTS;9995;28;;;;;10005;28;;;;;10000.0;-2535.0
-2;8500;AMETHYSTS;9998;10;9996;2;9995;29;10004;2;10005;29;;;10001.0;-2535.0
-2;8500;STARFRUIT;4998;2;4997;29;;;5004;31;;;;;5001.0;-2510.88671875
-2;8600;AMETHYSTS;9996;1;9995;22;;;10004;1;10005;22;;;10000.0;-2555.0
-2;8600;STARFRUIT;4997;22;;;;;5004;23;;;;;5000.5;-2607.7890625
-2;8700;AMETHYSTS;9998;10;9995;27;;;10005;27;;;;;10001.5;-2559.0
-2;8700;STARFRUIT;4997;27;;;;;5002;4;5004;27;;;4999.5;-2691.474609375
-2;8800;STARFRUIT;4998;7;4997;25;;;5004;25;;;;;5001.0;-2697.43359375
-2;8800;AMETHYSTS;9995;25;;;;;9998;1;10005;25;;;9996.5;-2694.0
-2;8900;AMETHYSTS;9998;9;9995;26;;;10005;26;;;;;10001.5;-2819.0
-2;8900;STARFRUIT;4999;1;4998;26;;;5005;26;;;;;5002.0;-2718.09375
-2;9000;AMETHYSTS;9996;2;9995;29;;;10004;2;10005;29;;;10000.0;-2949.0
-2;9000;STARFRUIT;4997;31;;;;;5004;31;;;;;5000.5;-2828.3671875
-2;9100;AMETHYSTS;9998;3;9996;2;9995;27;10004;2;10005;27;;;10001.0;-2957.0
-2;9100;STARFRUIT;4998;29;;;;;5005;29;;;;;5001.5;-2948.75
-2;9200;STARFRUIT;4997;27;;;;;5002;7;5004;27;;;4999.5;-3062.296875
-2;9200;AMETHYSTS;9998;10;9995;27;;;10005;27;;;;;10001.5;-2963.0
-2;9300;AMETHYSTS;9996;1;9995;20;;;10004;1;10005;20;;;10000.0;-2983.0
-2;9300;STARFRUIT;4998;21;;;;;5004;1;5005;20;;;5001.0;-3170.390625
-2;9400;AMETHYSTS;9998;2;9996;2;9995;21;10004;2;10005;21;;;10001.0;-2987.0
-2;9400;STARFRUIT;4997;23;;;;;5004;23;;;;;5000.5;-3170.67578125
-2;9500;AMETHYSTS;9996;1;9995;30;;;10004;1;10005;30;;;10000.0;-2991.0
-2;9500;STARFRUIT;4998;4;4997;31;;;5004;31;;;;;5001.0;-3247.6953125
-2;9600;STARFRUIT;4997;31;;;;;5004;31;;;;;5000.5;-3257.98046875
-2;9600;AMETHYSTS;9996;1;9995;30;;;10004;1;10005;30;;;10000.0;-2995.0
-2;9700;AMETHYSTS;9995;22;;;;;10002;1;10005;22;;;9998.5;-2999.0
-2;9700;STARFRUIT;4997;22;;;;;5004;22;;;;;5000.5;-3367.2890625
-2;9800;AMETHYSTS;9995;26;;;;;10005;26;;;;;10000.0;-3001.0
-2;9800;STARFRUIT;4997;26;;;;;5004;26;;;;;5000.5;-3445.6328125
-2;9900;AMETHYSTS;9995;25;;;;;10005;25;;;;;10000.0;-3001.0
-2;9900;STARFRUIT;5001;4;4996;25;;;5003;25;;;;;5002.0;-3446.1748046875
-2;10000;STARFRUIT;4997;8;4996;28;;;5003;28;;;;;5000.0;-3441.1689453125
-2;10000;AMETHYSTS;9995;28;;;;;10005;28;;;;;10000.0;-3001.0
-2;10100;STARFRUIT;4996;1;4995;24;;;5002;25;;;;;4999.0;-3439.9169921875
-2;10100;AMETHYSTS;9996;1;9995;24;;;10002;3;10004;1;10005;24;9999.0;-3001.0
-2;10200;AMETHYSTS;9996;2;9995;26;;;10004;2;10005;26;;;10000.0;-3005.0
-2;10200;STARFRUIT;4996;2;4995;26;;;5002;28;;;;;4999.0;-3439.7060546875
-2;10300;STARFRUIT;5001;1;4997;8;4996;27;5003;27;;;;;5002.0;-3440.0234375
-2;10300;AMETHYSTS;9998;4;9995;27;;;10005;27;;;;;10001.5;-3013.0
-2;10400;STARFRUIT;4997;1;4996;29;;;5003;29;;;;;5000.0;-3440.74609375
-2;10400;AMETHYSTS;10002;1;9996;1;9995;28;10004;1;10005;28;;;10003.0;-3021.0
-2;10500;STARFRUIT;4996;31;;;;;5003;31;;;;;4999.5;-3441.259765625
-2;10500;AMETHYSTS;9998;4;9996;2;9995;29;10004;2;10005;29;;;10001.0;-3025.0
-2;10600;AMETHYSTS;9996;2;9995;29;;;10000;4;10004;2;10005;29;9998.0;-3033.0
-2;10600;STARFRUIT;4997;31;;;;;5000;4;5002;4;5004;31;4998.5;-3443.2158203125
-2;10700;STARFRUIT;4998;1;4997;28;;;5004;28;;;;;5001.0;-3440.53125
-2;10700;AMETHYSTS;9998;8;9995;28;;;10005;28;;;;;10001.5;-3041.0
-2;10800;STARFRUIT;4998;3;4997;24;;;5004;24;;;;;5001.0;-3443.4482421875
-2;10800;AMETHYSTS;9998;5;9996;2;9995;22;10004;2;10005;22;;;10001.0;-3041.0
-2;10900;STARFRUIT;4999;7;4998;28;;;5005;28;;;;;5002.0;-3452.59375
-2;10900;AMETHYSTS;9996;1;9995;27;;;10004;1;10005;27;;;10000.0;-3049.0
-2;11000;AMETHYSTS;9995;24;;;;;10002;7;10005;24;;;9998.5;-3053.0
-2;11000;STARFRUIT;5002;7;4997;24;;;5004;24;;;;;5003.0;-3451.7568359375
-2;11100;STARFRUIT;4998;21;;;;;5005;21;;;;;5001.5;-3452.52734375
-2;11100;AMETHYSTS;9998;3;9995;21;;;10005;21;;;;;10001.5;-3067.0
-2;11200;STARFRUIT;4998;2;4997;21;;;5004;23;;;;;5001.0;-3538.234375
-2;11200;AMETHYSTS;9996;2;9995;21;;;10002;7;10004;2;10005;21;9999.0;-3073.0
-2;11300;STARFRUIT;4999;3;4998;22;;;5004;1;5005;21;;;5001.5;-3541.6171875
-2;11300;AMETHYSTS;9996;1;9995;21;;;10004;1;10005;21;;;10000.0;-3081.0
-2;11400;AMETHYSTS;9996;1;9995;25;;;10004;1;10005;25;;;10000.0;-3085.0
-2;11400;STARFRUIT;4997;26;;;;;5003;1;5004;25;;;5000.0;-3558.6796875
-2;11500;STARFRUIT;4997;26;;;;;5002;8;5004;26;;;4999.5;-3647.13671875
-2;11500;AMETHYSTS;9996;1;9995;25;;;10002;7;10004;1;10005;25;9999.0;-3089.0
-2;11600;STARFRUIT;4997;29;;;;;5004;29;;;;;5000.5;-3658.125
-2;11600;AMETHYSTS;9996;2;9995;27;;;10002;2;10004;2;10005;27;9999.0;-3103.0
-2;11700;STARFRUIT;4997;23;;;;;4998;2;5003;2;5004;21;4997.5;-3656.578125
-2;11700;AMETHYSTS;9996;2;9995;21;;;10004;2;10005;21;;;10000.0;-3111.0
-2;11800;AMETHYSTS;9998;10;9995;29;;;10000;5;10005;29;;;9999.0;-3119.0
-2;11800;STARFRUIT;4997;29;;;;;5000;4;5004;29;;;4998.5;-3653.625
-2;11900;STARFRUIT;4998;32;;;;;5003;3;5004;2;5005;30;5000.5;-3649.7666015625
-2;11900;AMETHYSTS;9996;2;9995;30;;;10004;2;10005;30;;;10000.0;-3139.0
-2;12000;STARFRUIT;4998;20;;;;;5005;20;;;;;5001.5;-3649.7314453125
-2;12000;AMETHYSTS;10002;1;9995;20;;;10005;20;;;;;10003.5;-3147.0
-2;12100;STARFRUIT;4998;2;4997;25;;;5002;1;5004;27;;;5000.0;-3707.0546875
-2;12100;AMETHYSTS;9996;2;9995;25;;;10004;2;10005;25;;;10000.0;-3247.0
-2;12200;AMETHYSTS;9996;2;9995;28;;;10004;2;10005;28;;;10000.0;-3255.0
-2;12200;STARFRUIT;4998;6;4997;28;;;5004;30;;;;;5001.0;-3707.9140625
-2;12300;STARFRUIT;4998;1;4997;28;;;5004;29;;;;;5001.0;-3804.21875
-2;12300;AMETHYSTS;9998;6;9996;1;9995;28;10004;1;10005;28;;;10001.0;-3263.0
-2;12400;STARFRUIT;4999;4;4998;26;;;5005;26;;;;;5002.0;-3803.51953125
-2;12400;AMETHYSTS;9995;26;;;;;10005;26;;;;;10000.0;-3275.0
-2;12500;STARFRUIT;4998;19;;;;;5005;20;;;;;5001.5;-3809.140625
-2;12500;AMETHYSTS;9995;20;;;;;10005;20;;;;;10000.0;-3275.0
-2;12600;AMETHYSTS;9995;22;;;;;10005;22;;;;;10000.0;-3375.0
-2;12600;STARFRUIT;4998;22;;;;;5005;22;;;;;5001.5;-3870.0
-2;12700;STARFRUIT;4998;2;4997;20;;;5004;22;;;;;5001.0;-3958.41796875
-2;12700;AMETHYSTS;9996;2;9995;20;;;10004;2;10005;20;;;10000.0;-3485.0
-2;12800;STARFRUIT;4997;22;;;;;5004;22;;;;;5000.5;-3966.078125
-2;12800;AMETHYSTS;9996;2;9995;20;;;10004;2;10005;20;;;10000.0;-3493.0
-2;12900;STARFRUIT;4998;7;4997;29;;;5003;1;5004;28;;;5000.5;-4039.5546875
-2;12900;AMETHYSTS;9996;1;9995;28;;;10002;3;10004;1;10005;28;9999.0;-3501.0
-2;13000;AMETHYSTS;10002;1;9995;20;;;10005;20;;;;;10003.5;-3505.0
-2;13000;STARFRUIT;5002;1;4997;6;4996;20;5003;20;;;;;5002.5;-4039.6015625
-2;13100;STARFRUIT;4997;8;4996;25;;;5003;26;;;;;5000.0;-4102.234375
-2;13100;AMETHYSTS;9996;1;9995;25;;;10004;1;10005;25;;;10000.0;-3503.0
-2;13200;STARFRUIT;4997;22;;;;;5002;5;5004;22;;;4999.5;-4125.0
-2;13200;AMETHYSTS;9998;2;9995;22;;;10005;22;;;;;10001.5;-3507.0
-2;13300;STARFRUIT;4998;6;4997;24;;;5004;24;;;;;5001.0;-4131.7734375
-2;13300;AMETHYSTS;9995;24;;;;;10005;24;;;;;10000.0;-3507.0
-2;13400;AMETHYSTS;9996;2;9995;30;;;10004;2;10005;30;;;10000.0;-3507.0
-2;13400;STARFRUIT;4997;32;;;;;5004;32;;;;;5000.5;-4147.322265625
-2;13500;STARFRUIT;4997;30;;;;;5002;8;5004;30;;;4999.5;-4147.541015625
-2;13500;AMETHYSTS;9995;30;;;;;10005;30;;;;;10000.0;-3515.0
-2;13600;STARFRUIT;4997;24;;;;;5002;3;5004;25;;;4999.5;-4160.45703125
-2;13600;AMETHYSTS;9995;25;;;;;10002;10;10005;25;;;9998.5;-3515.0
-2;13700;STARFRUIT;4999;4;4998;21;;;5004;1;5005;20;;;5001.5;-4255.21875
-2;13700;AMETHYSTS;9996;1;9995;20;;;9998;4;10004;1;10005;20;9997.0;-3515.0
-2;13800;AMETHYSTS;9996;2;9995;20;;;10004;2;10005;20;;;10000.0;-3519.0
-2;13800;STARFRUIT;4999;1;4998;22;;;5004;2;5005;20;;;5001.5;-4257.703125
-2;13900;STARFRUIT;4998;22;;;;;5001;6;5003;4;5005;22;4999.5;-4266.1640625
-2;13900;AMETHYSTS;9996;2;9995;20;;;10000;6;10004;2;10005;20;9998.0;-3527.0
-2;14000;STARFRUIT;4998;5;4997;27;;;5004;29;;;;;5001.0;-4260.95703125
-2;14000;AMETHYSTS;9998;5;9996;2;9995;27;10004;2;10005;27;;;10001.0;-3527.0
-2;14100;STARFRUIT;4997;25;;;;;5002;1;5004;25;;;4999.5;-4258.3671875
-2;14100;AMETHYSTS;9996;2;9995;23;;;10004;2;10005;23;;;10000.0;-3537.0
-2;14200;AMETHYSTS;9995;21;;;;;10005;21;;;;;10000.0;-3545.0
-2;14200;STARFRUIT;4997;21;;;;;4998;1;5004;21;;;4997.5;-4260.25390625
-2;14300;STARFRUIT;4997;29;;;;;5004;29;;;;;5000.5;-4256.580078125
-2;14300;AMETHYSTS;9996;2;9995;27;;;10004;2;10005;27;;;10000.0;-3650.0
-2;14400;STARFRUIT;4997;30;;;;;5004;30;;;;;5000.5;-4257.41796875
-2;14400;AMETHYSTS;9996;1;9995;29;;;10004;1;10005;29;;;10000.0;-3658.0
-2;14500;AMETHYSTS;9995;24;;;;;10002;1;10005;24;;;9998.5;-3662.0
-2;14500;STARFRUIT;4997;24;;;;;5004;24;;;;;5000.5;-4253.6796875
-2;14600;STARFRUIT;4997;28;;;;;5000;2;5004;28;;;4998.5;-4342.2265625
-2;14600;AMETHYSTS;9996;2;9995;26;;;10000;2;10004;2;10005;26;9998.0;-3664.0
-2;14700;STARFRUIT;4997;30;;;;;5004;30;;;;;5000.5;-4433.171875
-2;14700;AMETHYSTS;9995;30;;;;;10002;7;10005;30;;;9998.5;-3664.0
-2;14800;STARFRUIT;4997;28;;;;;5004;28;;;;;5000.5;-4538.9453125
-2;14800;AMETHYSTS;9995;28;;;;;10002;6;10005;28;;;9998.5;-3678.0
-2;14900;AMETHYSTS;10000;4;9995;26;;;10005;26;;;;;10002.5;-3690.0
-2;14900;STARFRUIT;5000;4;4997;26;;;5004;26;;;;;5002.0;-4641.6953125
-2;15000;STARFRUIT;5003;8;4998;25;;;5005;25;;;;;5004.0;-4722.578125
-2;15000;AMETHYSTS;9998;1;9995;25;;;10005;25;;;;;10001.5;-3690.0
-2;15100;STARFRUIT;4998;5;4997;22;;;5004;22;;;;;5001.0;-4712.33203125
-2;15100;AMETHYSTS;9995;22;;;;;10005;22;;;;;10000.0;-3690.0
-2;15200;STARFRUIT;4997;27;;;;;4998;1;5004;27;;;4997.5;-4723.81640625
-2;15200;AMETHYSTS;9998;6;9995;27;;;10005;27;;;;;10001.5;-3690.0
-2;15300;AMETHYSTS;9995;26;;;;;10002;1;10005;26;;;9998.5;-3690.0
-2;15300;STARFRUIT;4997;26;;;;;5002;4;5004;26;;;4999.5;-4725.58984375
-2;15400;STARFRUIT;4998;5;4997;30;;;5003;2;5004;28;;;5000.5;-4726.5625
-2;15400;AMETHYSTS;9996;2;9995;28;;;9998;1;10004;2;10005;28;9997.0;-3692.0
-2;15500;STARFRUIT;4997;31;;;;;5002;8;5003;2;5004;29;4999.5;-4737.0
-2;15500;AMETHYSTS;10002;1;9996;2;9995;29;10004;2;10005;29;;;10003.0;-3700.0
-2;15600;STARFRUIT;4997;7;4996;24;;;5003;26;;;;;5000.0;-4753.24609375
-2;15600;AMETHYSTS;9996;2;9995;24;;;10004;2;10005;24;;;10000.0;-3708.0
-2;15700;AMETHYSTS;10002;5;9996;1;9995;24;10004;1;10005;24;;;10003.0;-3716.0
-2;15700;STARFRUIT;4997;25;;;;;5003;1;5004;24;;;5000.0;-4773.92626953125
-2;15800;STARFRUIT;5002;1;4997;22;;;5004;22;;;;;5003.0;-4773.62939453125
-2;15800;AMETHYSTS;9998;10;9996;2;9995;20;10004;2;10005;20;;;10001.0;-3720.0
-2;15900;STARFRUIT;4997;31;;;;;5000;6;5002;2;5004;31;4998.5;-4772.0
-2;15900;AMETHYSTS;9996;2;9995;29;;;10000;6;10004;2;10005;29;9998.0;-3728.0
-2;16000;STARFRUIT;4997;29;;;;;5002;2;5004;29;;;4999.5;-4768.43359375
-2;16000;AMETHYSTS;9996;2;9995;27;;;10002;6;10004;2;10005;27;9999.0;-3736.0
-2;16100;AMETHYSTS;9995;21;;;;;10000;2;10002;10;10005;21;9997.5;-3748.0
-2;16100;STARFRUIT;4997;21;;;;;5000;2;5004;21;;;4998.5;-4771.69921875
-2;16200;STARFRUIT;4996;24;;;;;4998;1;5003;24;;;4997.0;-4830.9375
-2;16200;AMETHYSTS;9995;24;;;;;9998;1;10005;24;;;9996.5;-3853.0
-2;16300;STARFRUIT;4997;2;4996;23;;;5003;23;;;;;5000.0;-4828.109375
-2;16300;AMETHYSTS;9996;1;9995;22;;;10004;1;10005;22;;;10000.0;-3851.0
-2;16400;STARFRUIT;4996;2;4995;30;;;5002;32;;;;;4999.0;-4912.76171875
-2;16400;AMETHYSTS;9996;2;9995;30;;;10002;3;10004;2;10005;30;9999.0;-3855.0
-2;16500;AMETHYSTS;9996;2;9995;21;;;10002;7;10004;2;10005;21;9999.0;-3861.0
-2;16500;STARFRUIT;4996;23;;;;;5002;2;5003;21;;;4999.0;-4916.27734375
-2;16600;STARFRUIT;4996;29;;;;;5002;2;5003;28;;;4999.0;-4986.109375
-2;16600;AMETHYSTS;9998;4;9996;2;9995;28;10004;2;10005;28;;;10001.0;-3875.0
-2;16700;AMETHYSTS;10002;1;9995;26;;;10005;26;;;;;10003.5;-3883.0
-2;16700;STARFRUIT;5001;1;4995;26;;;5002;26;;;;;5001.5;-4990.6796875
-2;16800;AMETHYSTS;9995;26;;;;;10005;26;;;;;10000.0;-3883.0
-2;16800;STARFRUIT;4996;26;;;;;5003;26;;;;;4999.5;-5066.609375
-2;16900;AMETHYSTS;9996;1;9995;25;;;10004;1;10005;25;;;10000.0;-3883.0
-2;16900;STARFRUIT;4996;26;;;;;5003;26;;;;;4999.5;-5155.671875
-2;17000;STARFRUIT;4996;29;;;;;5003;29;;;;;4999.5;-5244.375
-2;17000;AMETHYSTS;9998;9;9995;29;;;10005;29;;;;;10001.5;-3887.0
-2;17100;AMETHYSTS;9996;2;9995;21;;;10004;2;10005;21;;;10000.0;-3887.0
-2;17100;STARFRUIT;4996;23;;;;;5002;2;5003;21;;;4999.0;-5343.0078125
-2;17200;AMETHYSTS;9998;3;9996;2;9995;22;10004;2;10005;22;;;10001.0;-3895.0
-2;17200;STARFRUIT;4996;24;;;;;5003;24;;;;;4999.5;-5350.375
-2;17300;AMETHYSTS;9996;2;9995;23;;;10002;9;10004;2;10005;23;9999.0;-3901.0
-2;17300;STARFRUIT;4996;25;;;;;5001;6;5003;25;;;4998.5;-5436.5390625
-2;17400;STARFRUIT;4999;6;4996;28;;;5003;28;;;;;5001.0;-5518.28125
-2;17400;AMETHYSTS;10000;6;9998;7;9995;28;10005;28;;;;;10002.5;-3919.0
-2;17500;AMETHYSTS;9995;26;;;;;10005;26;;;;;10000.0;-3919.0
-2;17500;STARFRUIT;4996;26;;;;;5003;26;;;;;4999.5;-5621.3125
-2;17600;AMETHYSTS;9998;6;9995;30;;;10005;30;;;;;10001.5;-3919.0
-2;17600;STARFRUIT;4996;30;;;;;5003;30;;;;;4999.5;-5716.625
-2;17700;AMETHYSTS;9996;2;9995;27;;;10004;2;10005;27;;;10000.0;-3931.0
-2;17700;STARFRUIT;5001;1;4996;2;4995;27;5002;29;;;;;5001.5;-5826.4296875
-2;17800;STARFRUIT;4996;26;;;;;5002;2;5003;24;;;4999.0;-5823.6875
-2;17800;AMETHYSTS;9996;2;9995;24;;;10002;5;10004;2;10005;24;9999.0;-3939.0
-2;17900;AMETHYSTS;9995;23;;;;;10005;23;;;;;10000.0;-3949.0
-2;17900;STARFRUIT;4995;23;;;;;5002;23;;;;;4998.5;-5896.68359375
-2;18000;AMETHYSTS;9996;2;9995;25;;;10004;2;10005;25;;;10000.0;-4064.0
-2;18000;STARFRUIT;4996;2;4995;25;;;5002;27;;;;;4999.0;-5971.3828125
-2;18100;AMETHYSTS;9995;20;;;;;10005;20;;;;;10000.0;-4072.0
-2;18100;STARFRUIT;4996;20;;;;;5003;20;;;;;4999.5;-5974.109375
-2;18200;STARFRUIT;4995;25;;;;;4997;4;5002;26;;;4996.0;-6035.484375
-2;18200;AMETHYSTS;9996;1;9995;25;;;10004;1;10005;25;;;10000.0;-4172.0
-2;18300;AMETHYSTS;9996;2;9995;23;;;10004;2;10005;23;;;10000.0;-4176.0
-2;18300;STARFRUIT;4995;25;;;;;5002;25;;;;;4998.5;-6025.970703125
-2;18400;AMETHYSTS;9996;2;9995;23;;;10004;2;10005;23;;;10000.0;-4184.0
-2;18400;STARFRUIT;4995;25;;;;;5000;5;5002;25;;;4997.5;-6112.828125
-2;18500;AMETHYSTS;9995;29;;;;;10000;2;10005;29;;;9997.5;-4192.0
-2;18500;STARFRUIT;4995;29;;;;;4998;1;5002;29;;;4996.5;-6200.6328125
-2;18600;STARFRUIT;4996;20;;;;;5001;5;5003;20;;;4998.5;-6203.23046875
-2;18600;AMETHYSTS;10002;1;9995;20;;;10005;20;;;;;10003.5;-4192.0
-2;18700;AMETHYSTS;9995;22;;;;;10005;22;;;;;10000.0;-4190.0
-2;18700;STARFRUIT;4996;22;;;;;5003;22;;;;;4999.5;-6213.0
-2;18800;AMETHYSTS;9996;2;9995;26;;;10004;2;10005;26;;;10000.0;-4190.0
-2;18800;STARFRUIT;4996;28;;;;;5002;2;5003;26;;;4999.0;-6213.0
-2;18900;STARFRUIT;4996;22;;;;;5003;22;;;;;4999.5;-6218.087890625
-2;18900;AMETHYSTS;9998;2;9995;22;;;10005;22;;;;;10001.5;-4198.0
-2;19000;STARFRUIT;4995;28;;;;;4996;10;5002;28;;;4995.5;-6277.921875
-2;19000;AMETHYSTS;9996;2;9995;26;;;10004;2;10005;26;;;10000.0;-4202.0
-2;19100;STARFRUIT;4996;2;4995;26;;;5002;28;;;;;4999.0;-6252.6875
-2;19100;AMETHYSTS;9996;2;9995;26;;;10004;2;10005;26;;;10000.0;-4210.0
-2;19200;AMETHYSTS;9996;1;9995;20;;;9998;1;10004;1;10005;20;9997.0;-4218.0
-2;19200;STARFRUIT;4996;21;;;;;5002;1;5003;20;;;4999.0;-6336.96875
-2;19300;STARFRUIT;4996;23;;;;;5002;2;5003;21;;;4999.0;-6402.12109375
-2;19300;AMETHYSTS;9996;2;9995;21;;;10004;2;10005;21;;;10000.0;-4216.0
-2;19400;STARFRUIT;4995;26;;;;;5002;26;;;;;4998.5;-6407.7568359375
-2;19400;AMETHYSTS;9995;26;;;;;10005;26;;;;;10000.0;-4224.0
-2;19500;STARFRUIT;4995;23;;;;;5002;23;;;;;4998.5;-6407.9814453125
-2;19500;AMETHYSTS;9995;23;;;;;10005;23;;;;;10000.0;-4224.0
-2;19600;AMETHYSTS;9996;2;9995;27;;;10004;2;10005;27;;;10000.0;-4224.0
-2;19600;STARFRUIT;4997;2;4996;27;;;5003;29;;;;;5000.0;-6408.76123046875
-2;19700;STARFRUIT;4997;1;4996;30;;;5001;7;5003;32;;;4999.0;-6408.841796875
-2;19700;AMETHYSTS;10002;1;9996;2;9995;30;10004;2;10005;30;;;10003.0;-4232.0
-2;19800;STARFRUIT;4996;31;;;;;5003;31;;;;;4999.5;-6419.6328125
-2;19800;AMETHYSTS;9996;2;9995;29;;;10004;2;10005;29;;;10000.0;-4230.0
-2;19900;STARFRUIT;4997;2;4996;30;;;5003;32;;;;;5000.0;-6416.181640625
-2;19900;AMETHYSTS;9996;2;9995;30;;;10004;2;10005;30;;;10000.0;-4238.0
-2;20000;AMETHYSTS;9995;27;;;;;10002;4;10005;27;;;9998.5;-4246.0
-2;20000;STARFRUIT;4997;2;4996;27;;;5003;27;;;;;5000.0;-6425.1171875
-2;20100;STARFRUIT;4996;31;;;;;5001;4;5003;31;;;4998.5;-6429.1591796875
-2;20100;AMETHYSTS;10002;1;9996;1;9995;30;10004;1;10005;30;;;10003.0;-4254.0
-2;20200;STARFRUIT;4996;29;;;;;5003;29;;;;;4999.5;-6429.625
-2;20200;AMETHYSTS;9995;29;;;;;9998;1;10005;29;;;9996.5;-4252.0
-2;20300;STARFRUIT;4996;27;;;;;4997;1;5003;27;;;4996.5;-6428.884765625
-2;20300;AMETHYSTS;9995;27;;;;;10005;27;;;;;10000.0;-4252.0
-2;20400;AMETHYSTS;9996;1;9995;28;;;10000;4;10004;1;10005;28;9998.0;-4252.0
-2;20400;STARFRUIT;4997;1;4996;29;;;4999;4;5002;1;5003;28;4998.0;-6429.5634765625
-2;20500;STARFRUIT;4999;4;4997;5;4996;32;5003;32;;;;;5001.0;-6431.2548828125
-2;20500;AMETHYSTS;10000;3;9996;2;9995;30;10004;2;10005;30;;;10002.0;-4256.0
-2;20600;STARFRUIT;4997;2;4996;26;;;5003;28;;;;;5000.0;-6434.591796875
-2;20600;AMETHYSTS;9996;2;9995;26;;;10004;2;10005;26;;;10000.0;-4256.0
-2;20700;STARFRUIT;4999;6;4996;22;;;5003;22;;;;;5001.0;-6432.5244140625
-2;20700;AMETHYSTS;10002;1;10000;6;9998;4;10005;22;;;;;10003.5;-4264.0
-2;20800;AMETHYSTS;9996;2;9995;22;;;10004;2;10005;22;;;10000.0;-4262.0
-2;20800;STARFRUIT;4995;24;;;;;5002;24;;;;;4998.5;-6531.625
-2;20900;STARFRUIT;5000;1;4995;23;;;5002;23;;;;;5001.0;-6612.306640625
-2;20900;AMETHYSTS;9995;23;;;;;10005;23;;;;;10000.0;-4270.0
-2;21000;STARFRUIT;4996;2;4995;26;;;5002;28;;;;;4999.0;-6689.03125
-2;21000;AMETHYSTS;9996;2;9995;26;;;10004;2;10005;26;;;10000.0;-4270.0
-2;21100;STARFRUIT;4996;2;4995;22;;;5002;24;;;;;4999.0;-6693.7890625
-2;21100;AMETHYSTS;9996;2;9995;22;;;10004;2;10005;22;;;10000.0;-4278.0
-2;21200;AMETHYSTS;9995;22;;;;;9998;1;10005;22;;;9996.5;-4286.0
-2;21200;STARFRUIT;4995;22;;;;;5002;22;;;;;4998.5;-6699.078125
-2;21300;STARFRUIT;4996;1;4995;29;;;5002;30;;;;;4999.0;-6783.0546875
-2;21300;AMETHYSTS;9996;1;9995;29;;;10002;7;10004;1;10005;29;9999.0;-4396.0
-2;21400;STARFRUIT;4996;28;;;;;5003;28;;;;;4999.5;-6785.40234375
-2;21400;AMETHYSTS;9995;28;;;;;10005;28;;;;;10000.0;-4410.0
-2;21500;STARFRUIT;5000;4;4996;21;;;5002;1;5003;20;;;5001.0;-6893.0078125
-2;21500;AMETHYSTS;9996;1;9995;20;;;10004;1;10005;20;;;10000.0;-4550.0
-2;21600;AMETHYSTS;10002;12;9996;2;9995;25;10004;2;10005;25;;;10003.0;-4554.0
-2;21600;STARFRUIT;4996;27;;;;;5003;27;;;;;4999.5;-6888.03125
-2;21700;STARFRUIT;4996;2;4995;29;;;5002;31;;;;;4999.0;-6973.09375
-2;21700;AMETHYSTS;9998;8;9996;2;9995;29;10004;2;10005;29;;;10001.0;-4530.0
-2;21800;STARFRUIT;4996;24;;;;;5003;24;;;;;4999.5;-7059.203125
-2;21800;AMETHYSTS;9996;2;9995;22;;;10004;2;10005;22;;;10000.0;-4546.0
-2;21900;STARFRUIT;4997;1;4996;21;;;5003;22;;;;;5000.0;-7142.728515625
-2;21900;AMETHYSTS;10002;3;9996;1;9995;21;10004;1;10005;21;;;10003.0;-4554.0
-2;22000;AMETHYSTS;9995;21;;;;;10005;21;;;;;10000.0;-4558.0
-2;22000;STARFRUIT;4996;21;;;;;5003;21;;;;;4999.5;-7219.5703125
-2;22100;STARFRUIT;4997;23;;;;;5004;24;;;;;5000.5;-7293.9873046875
-2;22100;AMETHYSTS;9996;2;9995;22;;;10002;7;10004;2;10005;22;9999.0;-4663.0
-2;22200;STARFRUIT;4997;21;;;;;5004;21;;;;;5000.5;-7294.8486328125
-2;22200;AMETHYSTS;9998;6;9996;1;9995;20;10004;1;10005;20;;;10001.0;-4671.0
-2;22300;STARFRUIT;4997;29;;;;;5004;29;;;;;5000.5;-7369.421875
-2;22300;AMETHYSTS;9996;1;9995;28;;;10004;1;10005;28;;;10000.0;-4683.0
-2;22400;AMETHYSTS;9996;2;9995;27;;;9998;1;10004;2;10005;27;9997.0;-4687.0
-2;22400;STARFRUIT;4996;29;;;;;5003;29;;;;;4999.5;-7460.2734375
-2;22500;STARFRUIT;4997;2;4996;29;;;5003;31;;;;;5000.0;-7552.40625
-2;22500;AMETHYSTS;9996;2;9995;29;;;10004;2;10005;29;;;10000.0;-4695.0
-2;22600;STARFRUIT;5000;6;4998;4;4997;22;5003;2;5004;20;;;5001.5;-7554.703125
-2;22600;AMETHYSTS;10000;6;9998;6;9996;2;10004;2;10005;20;;;10002.0;-4703.0
-2;22700;STARFRUIT;4997;1;4996;24;;;5003;26;;;;;5000.0;-7557.9453125
-2;22700;AMETHYSTS;9996;2;9995;24;;;10004;2;10005;24;;;10000.0;-4703.0
-2;22800;AMETHYSTS;9996;1;9995;27;;;9998;2;10004;1;10005;27;9997.0;-4711.0
-2;22800;STARFRUIT;4996;27;;;;;5002;1;5003;27;;;4999.0;-7567.27734375
-2;22900;STARFRUIT;4996;32;;;;;5003;32;;;;;4999.5;-7661.484375
-2;22900;AMETHYSTS;9996;2;9995;30;;;10002;8;10004;2;10005;30;9999.0;-4715.0
-2;23000;STARFRUIT;4996;22;;;;;5003;22;;;;;4999.5;-7772.3515625
-2;23000;AMETHYSTS;9996;1;9995;21;;;10004;1;10005;21;;;10000.0;-4731.0
-2;23100;STARFRUIT;4996;23;;;;;5003;23;;;;;4999.5;-7845.71484375
-2;23100;AMETHYSTS;9998;8;9995;23;;;10005;23;;;;;10001.5;-4735.0
-2;23200;AMETHYSTS;9998;5;9996;2;9995;29;10004;2;10005;29;;;10001.0;-4751.0
-2;23200;STARFRUIT;4997;31;;;;;5002;3;5004;31;;;4999.5;-7915.7890625
-2;23300;STARFRUIT;4998;30;;;;;5004;1;5005;29;;;5001.0;-8033.109375
-2;23300;AMETHYSTS;9996;1;9995;29;;;10004;1;10005;29;;;10000.0;-4759.0
-2;23400;STARFRUIT;4998;30;;;;;5005;30;;;;;5001.5;-8041.609375
-2;23400;AMETHYSTS;9996;1;9995;29;;;10004;1;10005;29;;;10000.0;-4763.0
-2;23500;AMETHYSTS;9998;8;9996;2;9995;28;10004;2;10005;28;;;10001.0;-4767.0
-2;23500;STARFRUIT;4998;29;;;;;5003;4;5005;30;;;5000.5;-8147.125
-2;23600;STARFRUIT;4998;27;;;;;5005;27;;;;;5001.5;-8249.09375
-2;23600;AMETHYSTS;9995;27;;;;;10005;27;;;;;10000.0;-4783.0
-2;23700;STARFRUIT;4997;23;;;;;5002;7;5004;23;;;4999.5;-8351.3828125
-2;23700;AMETHYSTS;10002;1;9996;2;9995;21;10004;2;10005;21;;;10003.0;-4918.0
-2;23800;STARFRUIT;5003;1;4997;30;;;5004;30;;;;;5003.5;-8437.8125
-2;23800;AMETHYSTS;9995;30;;;;;10005;30;;;;;10000.0;-4916.0
-2;23900;AMETHYSTS;9995;30;;;;;10005;30;;;;;10000.0;-5066.0
-2;23900;STARFRUIT;5002;1;4998;1;4997;30;5004;30;;;;;5003.0;-8540.453125
-2;24000;STARFRUIT;4996;29;;;;;5003;29;;;;;4999.5;-8548.6796875
-2;24000;AMETHYSTS;9998;9;9995;29;;;10005;29;;;;;10001.5;-5216.0
-2;24100;STARFRUIT;4996;26;;;;;5001;3;5003;26;;;4998.5;-8657.328125
-2;24100;AMETHYSTS;9996;1;9995;25;;;10004;1;10005;25;;;10000.0;-5234.0
-2;24200;STARFRUIT;4996;30;;;;;5003;30;;;;;4999.5;-8663.7890625
-2;24200;AMETHYSTS;9996;2;9995;28;;;10002;6;10004;2;10005;28;9999.0;-5238.0
-2;24300;AMETHYSTS;9996;2;9995;24;;;10002;1;10004;2;10005;24;9999.0;-5246.0
-2;24300;STARFRUIT;4996;26;;;;;5003;26;;;;;4999.5;-8664.03125
-2;24400;STARFRUIT;5002;1;4996;22;;;5003;22;;;;;5002.5;-8751.859375
-2;24400;AMETHYSTS;10002;1;9998;4;9996;1;10004;1;10005;21;;;10003.0;-5254.0
-2;24500;STARFRUIT;4997;1;4996;25;;;5003;26;;;;;5000.0;-8743.46875
-2;24500;AMETHYSTS;10002;1;9996;1;9995;25;10004;1;10005;25;;;10003.0;-5252.0
-2;24600;STARFRUIT;4996;24;;;;;5001;2;5003;24;;;4998.5;-8752.1875
-2;24600;AMETHYSTS;9995;24;;;;;9998;2;10005;24;;;9996.5;-5250.0
-2;24700;AMETHYSTS;9995;25;;;;;10005;25;;;;;10000.0;-5250.0
-2;24700;STARFRUIT;4996;25;;;;;5003;25;;;;;4999.5;-8836.0
-2;24800;STARFRUIT;4995;23;;;;;5002;23;;;;;4998.5;-8945.1796875
-2;24800;AMETHYSTS;9995;23;;;;;10005;23;;;;;10000.0;-5250.0
-2;24900;STARFRUIT;4999;4;4995;23;;;5002;23;;;;;5000.5;-9023.501953125
-2;24900;AMETHYSTS;10002;1;9996;1;9995;22;10004;1;10005;22;;;10003.0;-5365.0
-2;25000;STARFRUIT;4995;23;;;;;5002;23;;;;;4998.5;-9103.15625
-2;25000;AMETHYSTS;9995;23;;;;;10005;23;;;;;10000.0;-5369.0
-2;25100;AMETHYSTS;10002;1;9995;25;;;10005;25;;;;;10003.5;-5484.0
-2;25100;STARFRUIT;4995;25;;;;;5000;4;5002;25;;;4997.5;-9185.7109375
-2;25200;STARFRUIT;4996;1;4995;24;;;5000;3;5002;25;;;4998.0;-9191.796875
-2;25200;AMETHYSTS;9996;1;9995;24;;;9998;5;10004;1;10005;24;9997.0;-5482.0
-2;25300;STARFRUIT;4996;2;4995;24;;;5002;24;;;;;4999.0;-9196.3486328125
-2;25300;AMETHYSTS;9996;2;9995;22;;;10004;2;10005;22;;;10000.0;-5486.0
-2;25400;AMETHYSTS;9996;1;9995;29;;;10004;1;10005;29;;;10000.0;-5494.0
-2;25400;STARFRUIT;5000;8;4995;30;;;5001;1;5002;29;;;5000.5;-9201.0
-2;25500;AMETHYSTS;9996;1;9995;20;;;9998;6;10002;9;10004;1;9997.0;-5498.0
-2;25500;STARFRUIT;4995;1;4994;20;;;5001;21;;;;;4998.0;-9204.16796875
-2;25600;STARFRUIT;4995;8;4994;23;;;5001;23;;;;;4998.0;-9207.0
-2;25600;AMETHYSTS;9996;1;9995;22;;;10002;7;10004;1;10005;22;9999.0;-5502.0
-2;25700;AMETHYSTS;9996;2;9995;30;;;10004;2;10005;30;;;10000.0;-5516.0
-2;25700;STARFRUIT;4995;32;;;;;5000;6;5001;2;5002;30;4997.5;-9207.0
-2;25800;AMETHYSTS;10002;4;9995;24;;;10005;24;;;;;10003.5;-5524.0
-2;25800;STARFRUIT;4995;23;;;;;5002;24;;;;;4998.5;-9216.5234375
-2;25900;AMETHYSTS;9996;2;9995;23;;;10004;2;10005;23;;;10000.0;-5516.0
-2;25900;STARFRUIT;4995;25;;;;;5001;2;5002;23;;;4998.0;-9289.84375
-2;26000;STARFRUIT;4994;27;;;;;4995;5;5001;29;;;4994.5;-9291.03125
-2;26000;AMETHYSTS;9996;2;9995;27;;;10004;2;10005;27;;;10000.0;-5524.0
-2;26100;AMETHYSTS;9998;7;9995;20;;;10005;20;;;;;10001.5;-5532.0
-2;26100;STARFRUIT;4994;20;;;;;5001;20;;;;;4997.5;-9276.7890625
-2;26200;AMETHYSTS;9996;1;9995;22;;;10004;1;10005;22;;;10000.0;-5546.0
-2;26200;STARFRUIT;4994;23;;;;;5000;1;5001;22;;;4997.0;-9346.96484375
-2;26300;AMETHYSTS;9996;1;9995;29;;;9998;1;10004;1;10005;29;9997.0;-5550.0
-2;26300;STARFRUIT;4994;30;;;;;5001;30;;;;;4997.5;-9422.89453125
-2;26400;STARFRUIT;4994;5;4993;22;;;5000;22;;;;;4997.0;-9540.375
-2;26400;AMETHYSTS;9995;22;;;;;10005;22;;;;;10000.0;-5548.0
-2;26500;AMETHYSTS;9996;1;9995;23;;;10004;1;10005;23;;;10000.0;-5658.0
-2;26500;STARFRUIT;4993;24;;;;;5000;24;;;;;4996.5;-9556.45703125
-2;26600;AMETHYSTS;9996;2;9995;28;;;9998;1;10004;2;10005;28;9997.0;-5662.0
-2;26600;STARFRUIT;4994;6;4993;30;;;5000;30;;;;;4997.0;-9640.640625
-2;26700;AMETHYSTS;9998;2;9996;1;9995;23;10004;1;10005;23;;;10001.0;-5670.0
-2;26700;STARFRUIT;4993;24;;;;;4998;6;4999;1;5000;23;4995.5;-9755.0
-2;26800;STARFRUIT;4998;1;4992;30;;;4999;30;;;;;4998.5;-9826.484375
-2;26800;AMETHYSTS;9996;2;9995;28;;;10004;2;10005;28;;;10000.0;-5674.0
-2;26900;AMETHYSTS;10002;1;9995;30;;;10005;30;;;;;10003.5;-5682.0
-2;26900;STARFRUIT;4991;30;;;;;4992;1;4998;30;;;4991.5;-9822.72265625
-2;27000;AMETHYSTS;9995;28;;;;;10002;1;10005;28;;;9998.5;-5680.0
-2;27000;STARFRUIT;4992;2;4991;28;;;4998;28;;;;;4995.0;-9817.841796875
-2;27100;AMETHYSTS;9995;24;;;;;10005;24;;;;;10000.0;-5820.0
-2;27100;STARFRUIT;4992;3;4991;24;;;4998;24;;;;;4995.0;-9816.484375
-2;27200;STARFRUIT;4991;21;;;;;4996;2;4998;21;;;4993.5;-9907.6015625
-2;27200;AMETHYSTS;9998;2;9995;21;;;10005;21;;;;;10001.5;-5940.0
-2;27300;AMETHYSTS;9996;2;9995;29;;;10004;2;10005;29;;;10000.0;-5944.0
-2;27300;STARFRUIT;4996;1;4991;31;;;4997;2;4998;29;;;4996.5;-9974.4111328125
-2;27400;AMETHYSTS;9995;21;;;;;10005;21;;;;;10000.0;-5952.0
-2;27400;STARFRUIT;4991;21;;;;;4998;21;;;;;4994.5;-9980.0
-2;27500;AMETHYSTS;9996;1;9995;22;;;10004;1;10005;22;;;10000.0;-6057.0
-2;27500;STARFRUIT;4992;23;;;;;4997;6;4998;1;4999;22;4994.5;-9980.0
-2;27600;STARFRUIT;4993;6;4992;24;;;4999;24;;;;;4996.0;-9991.796875
-2;27600;AMETHYSTS;9998;5;9995;24;;;10005;24;;;;;10001.5;-6061.0
-2;27700;STARFRUIT;4992;24;;;;;4993;5;4999;24;;;4992.5;-10004.0
-2;27700;AMETHYSTS;9995;24;;;;;10005;24;;;;;10000.0;-6181.0
-2;27800;AMETHYSTS;9998;9;9996;2;9995;26;10004;2;10005;26;;;10001.0;-6301.0
-2;27800;STARFRUIT;4992;28;;;;;4997;3;4998;2;4999;26;4994.5;-9993.767578125
-2;27900;STARFRUIT;4998;1;4992;29;;;4999;29;;;;;4998.5;-9990.88671875
-2;27900;AMETHYSTS;9996;2;9995;27;;;10002;4;10004;2;10005;27;9999.0;-6309.0
-2;28000;STARFRUIT;4992;28;;;;;4999;28;;;;;4995.5;-9987.638671875
-2;28000;AMETHYSTS;9998;2;9995;28;;;10005;28;;;;;10001.5;-6317.0
-2;28100;STARFRUIT;4992;26;;;;;4999;26;;;;;4995.5;-9989.80078125
-2;28100;AMETHYSTS;9996;2;9995;24;;;10004;2;10005;24;;;10000.0;-6457.0
-2;28200;AMETHYSTS;9996;1;9995;25;;;9998;2;10004;1;10005;25;9997.0;-6465.0
-2;28200;STARFRUIT;4992;26;;;;;4997;5;4999;26;;;4994.5;-9988.6015625
-2;28300;STARFRUIT;4993;1;4992;23;;;4994;2;4999;24;;;4993.5;-9987.3046875
-2;28300;AMETHYSTS;9996;1;9995;23;;;10004;1;10005;23;;;10000.0;-6469.0
-2;28400;STARFRUIT;4992;1;4991;23;;;4998;25;;;;;4995.0;-9993.4375
-2;28400;AMETHYSTS;9996;2;9995;23;;;10004;2;10005;23;;;10000.0;-6473.0
-2;28500;STARFRUIT;4991;23;;;;;4998;23;;;;;4994.5;-9996.888671875
-2;28500;AMETHYSTS;9998;10;9995;23;;;10005;23;;;;;10001.5;-6481.0
-2;28600;AMETHYSTS;10002;1;9996;2;9995;21;10004;2;10005;21;;;10003.0;-6501.0
-2;28600;STARFRUIT;4991;23;;;;;4996;8;4998;23;;;4993.5;-9997.267578125
-2;28700;STARFRUIT;4990;30;;;;;4997;30;;;;;4993.5;-9998.8046875
-2;28700;AMETHYSTS;9995;30;;;;;10005;30;;;;;10000.0;-6509.0
-2;28800;STARFRUIT;4990;27;;;;;4997;27;;;;;4993.5;-9999.6552734375
-2;28800;AMETHYSTS;9995;27;;;;;10005;27;;;;;10000.0;-6509.0
-2;28900;STARFRUIT;4990;5;4989;21;;;4996;22;;;;;4993.0;-10000.4111328125
-2;28900;AMETHYSTS;9998;7;9996;1;9995;21;10004;1;10005;21;;;10001.0;-6509.0
-2;29000;AMETHYSTS;9995;24;;;;;10005;24;;;;;10000.0;-6523.0
-2;29000;STARFRUIT;4989;24;;;;;4990;1;4996;24;;;4989.5;-10014.9853515625
-2;29100;STARFRUIT;4991;3;4990;28;;;4996;2;4997;26;;;4993.5;-10012.228515625
-2;29100;AMETHYSTS;9996;2;9995;26;;;10004;2;10005;26;;;10000.0;-6643.0
-2;29200;STARFRUIT;4996;1;4991;31;;;4997;1;4998;30;;;4996.5;-10018.0
-2;29200;AMETHYSTS;9996;1;9995;30;;;10004;1;10005;30;;;10000.0;-6651.0
-2;29300;STARFRUIT;4991;32;;;;;4995;2;4997;32;;;4993.0;-10021.0
-2;29300;AMETHYSTS;9996;2;9995;30;;;10002;3;10004;2;10005;30;9999.0;-6655.0
-2;29400;AMETHYSTS;10002;1;9996;1;9995;25;10004;1;10005;25;;;10003.0;-6663.0
-2;29400;STARFRUIT;4991;25;;;;;4998;26;;;;;4994.5;-10020.541015625
-2;29500;STARFRUIT;4992;2;4991;29;;;4998;29;;;;;4995.0;-10020.5107421875
-2;29500;AMETHYSTS;9996;2;9995;27;;;10004;2;10005;27;;;10000.0;-6661.0
-2;29600;STARFRUIT;4991;30;;;;;4996;3;4998;30;;;4993.5;-10025.595703125
-2;29600;AMETHYSTS;9996;2;9995;28;;;10004;2;10005;28;;;10000.0;-6669.0
-2;29700;STARFRUIT;4992;2;4991;26;;;4997;1;4998;25;;;4994.5;-10030.732421875
-2;29700;AMETHYSTS;9996;1;9995;25;;;10002;4;10004;1;10005;25;9999.0;-6677.0
-2;29800;AMETHYSTS;9998;6;9996;1;9995;30;10004;1;10005;30;;;10001.0;-6681.0
-2;29800;STARFRUIT;4990;31;;;;;4995;1;4997;31;;;4992.5;-10035.0
-2;29900;STARFRUIT;4991;8;4990;21;;;4997;21;;;;;4994.0;-10036.93359375
-2;29900;AMETHYSTS;9995;21;;;;;10005;21;;;;;10000.0;-6693.0
-2;30000;STARFRUIT;4990;31;;;;;4997;31;;;;;4993.5;-10055.5859375
-2;30000;AMETHYSTS;9998;3;9996;1;9995;30;10004;1;10005;30;;;10001.0;-6798.0
-2;30100;STARFRUIT;4991;30;;;;;4997;30;;;;;4994.0;-10059.984375
-2;30100;AMETHYSTS;9996;2;9995;28;;;10004;2;10005;28;;;10000.0;-6802.0
-2;30200;AMETHYSTS;9996;2;9995;20;;;10004;2;10005;20;;;10000.0;-6810.0
-2;30200;STARFRUIT;4991;22;;;;;4997;2;4998;20;;;4994.0;-10061.6640625
-2;30300;STARFRUIT;4996;1;4991;31;;;4998;31;;;;;4997.0;-10068.17578125
-2;30300;AMETHYSTS;9996;2;9995;29;;;10002;9;10004;2;10005;29;9999.0;-6818.0
-2;30400;STARFRUIT;4994;5;4991;31;;;4997;2;4998;29;;;4995.5;-10066.50390625
-2;30400;AMETHYSTS;10000;5;9996;2;9995;29;10002;8;10004;2;10005;29;10001.0;-6836.0
-2;30500;STARFRUIT;4991;22;;;;;4998;22;;;;;4994.5;-10074.130859375
-2;30500;AMETHYSTS;9998;5;9996;2;9995;20;10004;2;10005;20;;;10001.0;-6852.0
-2;30600;AMETHYSTS;9996;2;9995;20;;;10002;4;10004;2;10005;20;9999.0;-6862.0
-2;30600;STARFRUIT;4992;21;;;;;4998;2;4999;20;;;4995.0;-10136.3515625
-2;30700;STARFRUIT;4992;30;;;;;4999;30;;;;;4995.5;-10204.064453125
-2;30700;AMETHYSTS;9995;30;;;;;10005;30;;;;;10000.0;-6870.0
-2;30800;STARFRUIT;4993;3;4992;31;;;4998;1;4999;30;;;4995.5;-10204.0263671875
-2;30800;AMETHYSTS;9996;1;9995;30;;;10004;1;10005;30;;;10000.0;-6870.0
-2;30900;STARFRUIT;4991;30;;;;;4996;7;4998;30;;;4993.5;-10206.615234375
-2;30900;AMETHYSTS;9996;2;9995;28;;;10002;6;10004;2;10005;28;9999.0;-6874.0
-2;31000;AMETHYSTS;10000;4;9996;1;9995;22;10004;1;10005;22;;;10002.0;-6882.0
-2;31000;STARFRUIT;4995;4;4993;7;4992;23;4998;1;4999;22;;;4996.5;-10212.8046875
-2;31100;STARFRUIT;4992;29;;;;;4999;29;;;;;4995.5;-10213.2802734375
-2;31100;AMETHYSTS;9996;2;9995;27;;;10004;2;10005;27;;;10000.0;-6886.0
-2;31200;STARFRUIT;4992;31;;;;;4999;31;;;;;4995.5;-10213.357421875
-2;31200;AMETHYSTS;9996;2;9995;29;;;10002;6;10004;2;10005;29;9999.0;-6894.0
-2;31300;STARFRUIT;4992;24;;;;;4999;24;;;;;4995.5;-10213.03515625
-2;31300;AMETHYSTS;9996;1;9995;23;;;10004;1;10005;23;;;10000.0;-6902.0
-2;31400;AMETHYSTS;9995;26;;;;;9998;1;10005;26;;;9996.5;-6906.0
-2;31400;STARFRUIT;4992;26;;;;;4999;26;;;;;4995.5;-10212.685546875
-2;31500;STARFRUIT;4993;5;4992;30;;;4999;30;;;;;4996.0;-10213.0146484375
-2;31500;AMETHYSTS;9995;30;;;;;10005;30;;;;;10000.0;-6906.0
-2;31600;STARFRUIT;4997;1;4992;27;;;4998;27;;;;;4997.5;-10223.9921875
-2;31600;AMETHYSTS;9995;27;;;;;10005;27;;;;;10000.0;-6906.0
-2;31700;STARFRUIT;4991;24;;;;;4996;3;4998;24;;;4993.5;-10222.45703125
-2;31700;AMETHYSTS;9996;2;9995;22;;;10004;2;10005;22;;;10000.0;-6906.0
-2;31800;AMETHYSTS;10000;6;9996;1;9995;25;10004;1;10005;25;;;10002.0;-6914.0
-2;31800;STARFRUIT;4993;6;4991;1;4990;25;4997;26;;;;;4995.0;-10227.0
-2;31900;STARFRUIT;4991;4;4990;28;;;4997;28;;;;;4994.0;-10227.0
-2;31900;AMETHYSTS;9998;3;9995;28;;;10005;28;;;;;10001.5;-6918.0
-2;32000;STARFRUIT;4992;3;4991;24;;;4998;25;;;;;4995.0;-10227.0
-2;32000;AMETHYSTS;9996;1;9995;24;;;10004;1;10005;24;;;10000.0;-6918.0
-2;32100;STARFRUIT;4991;29;;;;;4997;1;4998;28;;;4994.0;-10227.0
-2;32100;AMETHYSTS;9996;1;9995;28;;;10004;1;10005;28;;;10000.0;-6922.0
-2;32200;STARFRUIT;4991;28;;;;;4997;1;4998;27;;;4994.0;-10229.7646484375
-2;32200;AMETHYSTS;9996;1;9995;27;;;10004;1;10005;27;;;10000.0;-6926.0
-2;32300;STARFRUIT;4991;25;;;;;4998;25;;;;;4994.5;-10229.6015625
-2;32300;AMETHYSTS;9995;25;;;;;10005;25;;;;;10000.0;-6930.0
-2;32400;STARFRUIT;4991;30;;;;;4997;1;4998;30;;;4994.0;-10229.994140625
-2;32400;AMETHYSTS;9996;1;9995;30;;;10004;1;10005;30;;;10000.0;-6930.0
-2;32500;AMETHYSTS;9998;1;9996;1;9995;21;10004;1;10005;21;;;10001.0;-6934.0
-2;32500;STARFRUIT;4991;21;;;;;4996;5;4997;1;4998;21;4993.5;-10229.9140625
-2;32600;STARFRUIT;4990;30;;;;;4997;30;;;;;4993.5;-10285.9765625
-2;32600;AMETHYSTS;10002;1;9995;30;;;10005;30;;;;;10003.5;-6938.0
-2;32700;STARFRUIT;4991;24;;;;;4997;2;4998;22;;;4994.0;-10381.74609375
-2;32700;AMETHYSTS;9996;2;9995;22;;;10004;2;10005;22;;;10000.0;-6936.0
-2;32800;STARFRUIT;4991;2;4990;28;;;4997;30;;;;;4994.0;-10453.4375
-2;32800;AMETHYSTS;9996;2;9995;28;;;10004;2;10005;28;;;10000.0;-6944.0
-2;32900;AMETHYSTS;9996;2;9995;27;;;10004;2;10005;27;;;10000.0;-6952.0
-2;32900;STARFRUIT;4991;2;4990;27;;;4997;29;;;;;4994.0;-10546.15625
-2;33000;STARFRUIT;4996;1;4991;30;;;4997;2;4998;28;;;4996.5;-10548.2109375
-2;33000;AMETHYSTS;9996;2;9995;28;;;10004;2;10005;28;;;10000.0;-6960.0
-2;33100;STARFRUIT;4991;28;;;;;4996;3;4997;1;4998;28;4993.5;-10548.64453125
-2;33100;AMETHYSTS;9996;1;9995;28;;;10004;1;10005;28;;;10000.0;-6968.0
-2;33200;STARFRUIT;4990;20;;;;;4991;10;4997;21;;;4990.5;-10622.703125
-2;33200;AMETHYSTS;9996;1;9995;20;;;10002;7;10004;1;10005;20;9999.0;-6972.0
-2;33300;AMETHYSTS;9996;1;9995;20;;;10004;1;10005;20;;;10000.0;-6976.0
-2;33300;STARFRUIT;4990;21;;;;;4996;1;4997;20;;;4993.0;-10598.5078125
-2;33400;STARFRUIT;4990;32;;;;;4997;32;;;;;4993.5;-10602.6171875
-2;33400;AMETHYSTS;9996;2;9995;30;;;10002;3;10004;2;10005;30;9999.0;-6980.0
-2;33500;STARFRUIT;4990;21;;;;;4997;21;;;;;4993.5;-10602.478515625
-2;33500;AMETHYSTS;9996;1;9995;20;;;10004;1;10005;20;;;10000.0;-6988.0
-2;33600;STARFRUIT;4990;27;;;;;4997;27;;;;;4993.5;-10677.171875
-2;33600;AMETHYSTS;10002;6;9995;27;;;10005;27;;;;;10003.5;-6992.0
-2;33700;AMETHYSTS;9996;1;9995;27;;;10002;1;10004;1;10005;27;9999.0;-6992.0
-2;33700;STARFRUIT;4991;4;4990;28;;;4996;1;4997;27;;;4993.5;-10766.296875
-2;33800;STARFRUIT;4994;3;4991;5;4990;26;4996;1;4997;25;;;4995.0;-10769.7734375
-2;33800;AMETHYSTS;9996;1;9995;25;;;10004;1;10005;25;;;10000.0;-6994.0
-2;33900;STARFRUIT;4990;24;;;;;4997;24;;;;;4993.5;-10775.0
-2;33900;AMETHYSTS;9995;24;;;;;10005;24;;;;;10000.0;-6998.0
-2;34000;STARFRUIT;4990;29;;;;;4995;8;4997;30;;;4992.5;-10861.78125
-2;34000;AMETHYSTS;10002;1;9995;30;;;10005;30;;;;;10003.5;-6998.0
-2;34100;AMETHYSTS;9996;1;9995;22;;;10004;1;10005;22;;;10000.0;-6998.0
-2;34100;STARFRUIT;4992;2;4991;23;;;4997;1;4998;22;;;4994.5;-10969.91015625
-2;34200;STARFRUIT;4991;23;;;;;4996;1;4998;23;;;4993.5;-10971.76171875
-2;34200;AMETHYSTS;9995;23;;;;;10005;23;;;;;10000.0;-7002.0
-2;34300;AMETHYSTS;10002;1;9996;1;9995;22;10004;1;10005;22;;;10003.0;-7002.0
-2;34300;STARFRUIT;4990;23;;;;;4997;23;;;;;4993.5;-10969.1328125
-2;34400;AMETHYSTS;9996;2;9995;23;;;10004;2;10005;23;;;10000.0;-7000.0
-2;34400;STARFRUIT;4991;3;4990;25;;;4996;25;;;;;4993.5;-11053.953125
-2;34500;AMETHYSTS;9995;30;;;;;10005;30;;;;;10000.0;-7008.0
-2;34500;STARFRUIT;4990;30;;;;;4991;5;4995;1;4997;30;4990.5;-11055.84765625
-2;34600;STARFRUIT;4990;28;;;;;4997;29;;;;;4993.5;-11056.06640625
-2;34600;AMETHYSTS;9995;29;;;;;10005;29;;;;;10000.0;-7008.0
-2;34700;AMETHYSTS;9998;6;9995;24;;;10005;24;;;;;10001.5;-7008.0
-2;34700;STARFRUIT;4990;24;;;;;4997;24;;;;;4993.5;-11159.9375
-2;34800;AMETHYSTS;9996;2;9995;23;;;10004;2;10005;23;;;10000.0;-7020.0
-2;34800;STARFRUIT;4991;25;;;;;4997;2;4998;23;;;4994.0;-11234.8984375
-2;34900;AMETHYSTS;9996;1;9995;20;;;10004;1;10005;20;;;10000.0;-7028.0
-2;34900;STARFRUIT;4991;21;;;;;4998;21;;;;;4994.5;-11323.3203125
-2;35000;STARFRUIT;4997;1;4992;20;;;4999;20;;;;;4998.0;-11392.830078125
-2;35000;AMETHYSTS;10002;1;9995;20;;;10005;20;;;;;10003.5;-7032.0
-2;35100;AMETHYSTS;10002;3;9996;2;9995;29;10004;2;10005;29;;;10003.0;-7132.0
-2;35100;STARFRUIT;4992;31;;;;;4998;2;4999;29;;;4995.0;-11391.0
-2;35200;AMETHYSTS;9996;2;9995;28;;;10002;10;10004;2;10005;28;9999.0;-7126.0
-2;35200;STARFRUIT;4993;3;4992;30;;;4998;2;4999;28;;;4995.5;-11396.7470703125
-2;35300;AMETHYSTS;9998;6;9996;1;9995;27;10004;1;10005;27;;;10001.0;-7134.0
-2;35300;STARFRUIT;4992;28;;;;;4993;8;4999;28;;;4992.5;-11403.5576171875
-2;35400;STARFRUIT;4997;1;4993;2;4992;25;4999;25;;;;;4998.0;-11386.546875
-2;35400;AMETHYSTS;10002;3;9995;25;;;10005;25;;;;;10003.5;-7146.0
-2;35500;AMETHYSTS;9996;2;9995;26;;;10004;2;10005;26;;;10000.0;-7140.0
-2;35500;STARFRUIT;4992;28;;;;;4999;28;;;;;4995.5;-11381.150390625
-2;35600;AMETHYSTS;9995;26;;;;;10005;26;;;;;10000.0;-7148.0
-2;35600;STARFRUIT;4993;26;;;;;5000;26;;;;;4996.5;-11378.26171875
-2;35700;AMETHYSTS;9996;2;9995;27;;;10004;2;10005;27;;;10000.0;-7148.0
-2;35700;STARFRUIT;4993;29;;;;;5000;29;;;;;4996.5;-11467.2734375
-2;35800;STARFRUIT;4993;31;;;;;4994;2;5000;31;;;4993.5;-11569.1015625
-2;35800;AMETHYSTS;9998;7;9996;1;9995;30;10004;1;10005;30;;;10001.0;-7156.0
-2;35900;AMETHYSTS;9996;2;9995;21;;;10004;2;10005;21;;;10000.0;-7170.0
-2;35900;STARFRUIT;4993;23;;;;;5000;23;;;;;4996.5;-11568.03125
-2;36000;AMETHYSTS;9995;30;;;;;10002;5;10005;30;;;9998.5;-7178.0
-2;36000;STARFRUIT;4993;30;;;;;4998;3;5000;30;;;4995.5;-11643.5
-2;36100;AMETHYSTS;10002;8;9996;2;9995;24;10004;2;10005;24;;;10003.0;-7188.0
-2;36100;STARFRUIT;4993;26;;;;;4999;2;5000;24;;;4996.0;-11649.421875
-2;36200;STARFRUIT;4993;1;4992;29;;;4999;30;;;;;4996.0;-11653.05078125
-2;36200;AMETHYSTS;9996;1;9995;29;;;9998;1;10004;1;10005;29;9997.0;-7172.0
-2;36300;AMETHYSTS;9996;1;9995;21;;;10004;1;10005;21;;;10000.0;-7170.0
-2;36300;STARFRUIT;4993;1;4992;21;;;4997;6;4999;22;;;4995.0;-11653.35546875
-2;36400;AMETHYSTS;9998;1;9996;1;9995;20;10004;1;10005;20;;;10001.0;-7174.0
-2;36400;STARFRUIT;4998;1;4993;3;4992;21;4999;21;;;;;4998.5;-11659.19140625
-2;36500;AMETHYSTS;9995;25;;;;;10005;25;;;;;10000.0;-7178.0
-2;36500;STARFRUIT;4992;25;;;;;4994;2;4999;25;;;4993.0;-11725.828125
-2;36600;STARFRUIT;4993;29;;;;;5000;29;;;;;4996.5;-11825.1796875
-2;36600;AMETHYSTS;9996;1;9995;28;;;10004;1;10005;28;;;10000.0;-7178.0
-2;36700;STARFRUIT;4992;21;;;;;4999;21;;;;;4995.5;-11821.5234375
-2;36700;AMETHYSTS;9995;21;;;;;10005;21;;;;;10000.0;-7182.0
-2;36800;AMETHYSTS;9995;30;;;;;10005;30;;;;;10000.0;-7287.0
-2;36800;STARFRUIT;4993;30;;;;;5000;30;;;;;4996.5;-11883.8046875
-2;36900;STARFRUIT;4992;27;;;;;4999;27;;;;;4995.5;-11965.8125
-2;36900;AMETHYSTS;9996;1;9995;26;;;10004;1;10005;26;;;10000.0;-7437.0
-2;37000;STARFRUIT;4991;25;;;;;4998;25;;;;;4994.5;-12073.47265625
-2;37000;AMETHYSTS;9996;2;9995;23;;;10004;2;10005;23;;;10000.0;-7441.0
-2;37100;STARFRUIT;4992;4;4991;23;;;4998;23;;;;;4995.0;-12160.359375
-2;37100;AMETHYSTS;9996;2;9995;21;;;10004;2;10005;21;;;10000.0;-7449.0
-2;37200;AMETHYSTS;9996;1;9995;20;;;10004;1;10005;20;;;10000.0;-7457.0
-2;37200;STARFRUIT;4992;4;4991;21;;;4998;21;;;;;4995.0;-12241.8984375
-2;37300;STARFRUIT;4992;4;4991;28;;;4998;28;;;;;4995.0;-12250.84375
-2;37300;AMETHYSTS;9996;1;9995;27;;;9998;10;10002;4;10004;1;9997.0;-7461.0
-2;37400;STARFRUIT;4990;30;;;;;4997;30;;;;;4993.5;-12262.025390625
-2;37400;AMETHYSTS;10002;1;9998;2;9995;30;10005;30;;;;;10003.5;-7441.0
-2;37500;STARFRUIT;4991;2;4990;25;;;4997;27;;;;;4994.0;-12262.0498046875
-2;37500;AMETHYSTS;9996;2;9995;25;;;10004;2;10005;25;;;10000.0;-7439.0
-2;37600;AMETHYSTS;9995;22;;;;;10002;7;10005;22;;;9998.5;-7447.0
-2;37600;STARFRUIT;4991;22;;;;;4997;22;;;;;4994.0;-12268.0
-2;37700;STARFRUIT;4991;24;;;;;4998;24;;;;;4994.5;-12268.498046875
-2;37700;AMETHYSTS;9996;1;9995;23;;;10004;1;10005;23;;;10000.0;-7447.0
-2;37800;STARFRUIT;4991;24;;;;;4998;25;;;;;4994.5;-12268.45703125
-2;37800;AMETHYSTS;9995;25;;;;;10005;25;;;;;10000.0;-7451.0
-2;37900;STARFRUIT;4991;25;;;;;4998;25;;;;;4994.5;-12268.666015625
-2;37900;AMETHYSTS;9995;25;;;;;10005;25;;;;;10000.0;-7451.0
-2;38000;AMETHYSTS;10002;1;9996;2;9995;30;10004;2;10005;30;;;10003.0;-7451.0
-2;38000;STARFRUIT;4991;32;;;;;4996;4;4998;32;;;4993.5;-12268.2763671875
-2;38100;STARFRUIT;4991;28;;;;;4997;2;4998;26;;;4994.0;-12275.3984375
-2;38100;AMETHYSTS;9996;2;9995;26;;;10002;2;10004;2;10005;26;9999.0;-7459.0
-2;38200;STARFRUIT;4991;28;;;;;4997;1;4998;27;;;4994.0;-12275.931640625
-2;38200;AMETHYSTS;9996;1;9995;27;;;10004;1;10005;27;;;10000.0;-7467.0
-2;38300;STARFRUIT;4991;26;;;;;4998;26;;;;;4994.5;-12275.0947265625
-2;38300;AMETHYSTS;9998;5;9995;26;;;10005;26;;;;;10001.5;-7471.0
-2;38400;AMETHYSTS;9996;1;9995;23;;;10000;6;10004;1;10005;23;9998.0;-7481.0
-2;38400;STARFRUIT;4991;1;4990;23;;;4993;6;4997;24;;;4992.0;-12276.27734375
-2;38500;STARFRUIT;4990;21;;;;;4997;21;;;;;4993.5;-12279.8505859375
-2;38500;AMETHYSTS;10002;1;9995;21;;;10005;21;;;;;10003.5;-7481.0
-2;38600;STARFRUIT;4991;2;4990;28;;;4997;30;;;;;4994.0;-12359.2578125
-2;38600;AMETHYSTS;9996;2;9995;28;;;10004;2;10005;28;;;10000.0;-7479.0
-2;38700;STARFRUIT;4991;20;;;;;4998;20;;;;;4994.5;-12447.33984375
-2;38700;AMETHYSTS;9995;20;;;;;10005;20;;;;;10000.0;-7487.0
-2;38800;AMETHYSTS;9996;1;9995;20;;;10002;1;10004;1;10005;20;9999.0;-7587.0
-2;38800;STARFRUIT;4991;21;;;;;4993;2;4996;1;4998;21;4992.0;-12518.9921875
-2;38900;STARFRUIT;4992;2;4991;30;;;4996;7;4998;32;;;4994.0;-12516.50390625
-2;38900;AMETHYSTS;9996;2;9995;30;;;10004;2;10005;30;;;10000.0;-7591.0
-2;39000;STARFRUIT;4991;23;;;;;4998;23;;;;;4994.5;-12525.0
-2;39000;AMETHYSTS;9995;23;;;;;10002;9;10005;23;;;9998.5;-7599.0
-2;39100;STARFRUIT;4992;25;;;;;4998;1;4999;24;;;4995.0;-12525.0
-2;39100;AMETHYSTS;9998;8;9996;1;9995;24;10004;1;10005;24;;;10001.0;-7714.0
-2;39200;AMETHYSTS;9996;1;9995;29;;;10004;1;10005;29;;;10000.0;-7718.0
-2;39200;STARFRUIT;4992;30;;;;;4997;2;4999;30;;;4994.5;-12527.7060546875
-2;39300;STARFRUIT;4992;27;;;;;4999;27;;;;;4995.5;-12527.017578125
-2;39300;AMETHYSTS;9995;27;;;;;10005;27;;;;;10000.0;-7722.0
-2;39400;STARFRUIT;4993;31;;;;;4998;5;4999;1;5000;30;4995.5;-12526.88671875
-2;39400;AMETHYSTS;9996;1;9995;30;;;10004;1;10005;30;;;10000.0;-7722.0
-2;39500;STARFRUIT;4992;27;;;;;4997;3;4999;27;;;4994.5;-12527.2646484375
-2;39500;AMETHYSTS;9995;27;;;;;9998;1;10002;2;10005;27;9996.5;-7726.0
-2;39600;AMETHYSTS;9995;23;;;;;10005;23;;;;;10000.0;-7724.0
-2;39600;STARFRUIT;4997;4;4992;23;;;4999;23;;;;;4998.0;-12527.4921875
-2;39700;STARFRUIT;4993;4;4992;24;;;4998;2;4999;22;;;4995.5;-12520.341796875
-2;39700;AMETHYSTS;9996;2;9995;22;;;10004;2;10005;22;;;10000.0;-7839.0
-2;39800;STARFRUIT;4991;28;;;;;4998;28;;;;;4994.5;-12525.615234375
-2;39800;AMETHYSTS;9996;1;9995;27;;;10004;1;10005;27;;;10000.0;-7847.0
-2;39900;STARFRUIT;4992;31;;;;;4998;1;4999;30;;;4995.0;-12526.1171875
-2;39900;AMETHYSTS;9996;1;9995;30;;;10002;4;10004;1;10005;30;9999.0;-7851.0
-2;40000;AMETHYSTS;9995;22;;;;;10005;22;;;;;10000.0;-7855.0
-2;40000;STARFRUIT;4992;22;;;;;4999;22;;;;;4995.5;-12529.0
-2;40100;STARFRUIT;4992;2;4991;29;;;4998;31;;;;;4995.0;-12529.0
-2;40100;AMETHYSTS;9996;2;9995;29;;;10002;8;10004;2;10005;29;9999.0;-7965.0
-2;40200;STARFRUIT;4992;29;;;;;4999;29;;;;;4995.5;-12529.0
-2;40200;AMETHYSTS;9996;1;9995;28;;;10004;1;10005;28;;;10000.0;-7981.0
-2;40300;STARFRUIT;4992;22;;;;;4999;22;;;;;4995.5;-12529.0
-2;40300;AMETHYSTS;9995;22;;;;;9998;1;10005;22;;;9996.5;-7985.0
-2;40400;AMETHYSTS;9996;1;9995;23;;;10004;1;10005;23;;;10000.0;-7985.0
-2;40400;STARFRUIT;4992;24;;;;;4999;24;;;;;4995.5;-12529.0
-2;40500;STARFRUIT;4992;29;;;;;4993;1;4999;29;;;4992.5;-12529.0
-2;40500;AMETHYSTS;10002;1;9996;2;9995;27;10004;2;10005;27;;;10003.0;-7989.0
-2;40600;STARFRUIT;4993;4;4992;26;;;4999;26;;;;;4996.0;-12526.5078125
-2;40600;AMETHYSTS;9996;2;9995;24;;;10004;2;10005;24;;;10000.0;-7997.0
-2;40700;STARFRUIT;4992;22;;;;;4998;2;4999;20;;;4995.0;-12535.55078125
-2;40700;AMETHYSTS;9998;7;9996;2;9995;20;10004;2;10005;20;;;10001.0;-8005.0
-2;40800;AMETHYSTS;9995;27;;;;;10005;27;;;;;10000.0;-8013.0
-2;40800;STARFRUIT;4991;27;;;;;4998;27;;;;;4994.5;-12540.41015625
-2;40900;STARFRUIT;4991;28;;;;;4998;28;;;;;4994.5;-12540.423828125
-2;40900;AMETHYSTS;9998;10;9996;2;9995;26;10004;2;10005;26;;;10001.0;-8013.0
-2;41000;STARFRUIT;4991;21;;;;;4992;1;4996;3;4998;21;4991.5;-12540.5390625
-2;41000;AMETHYSTS;9995;21;;;;;10002;10;10005;21;;;9998.5;-8033.0
-2;41100;AMETHYSTS;9995;27;;;;;10005;27;;;;;10000.0;-8053.0
-2;41100;STARFRUIT;4990;27;;;;;4991;1;4992;2;4997;27;4990.5;-12538.0
-2;41200;STARFRUIT;4990;29;;;;;4997;29;;;;;4993.5;-12535.2685546875
-2;41200;AMETHYSTS;9995;29;;;;;10005;29;;;;;10000.0;-8053.0
-2;41300;STARFRUIT;4991;1;4990;24;;;4995;4;4997;25;;;4993.0;-12535.0234375
-2;41300;AMETHYSTS;9998;2;9996;1;9995;24;10004;1;10005;24;;;10001.0;-8053.0
-2;41400;STARFRUIT;4991;2;4990;23;;;4993;4;4995;5;4997;25;4992.0;-12538.0
-2;41400;AMETHYSTS;9998;5;9996;2;9995;23;10000;4;10004;2;10005;23;9999.0;-8057.0
-2;41500;AMETHYSTS;9998;8;9996;2;9995;20;10004;2;10005;20;;;10001.0;-8057.0
-2;41500;STARFRUIT;4991;2;4990;20;;;4995;1;4997;22;;;4993.0;-12534.669921875
-2;41600;STARFRUIT;4990;23;;;;;4995;7;4997;23;;;4992.5;-12540.5595703125
-2;41600;AMETHYSTS;9996;1;9995;22;;;10004;1;10005;22;;;10000.0;-8073.0
-2;41700;STARFRUIT;4993;4;4990;21;;;4997;21;;;;;4995.0;-12541.2275390625
-2;41700;AMETHYSTS;10000;5;9995;21;;;10005;21;;;;;10002.5;-8077.0
-2;41800;STARFRUIT;4990;24;;;;;4996;2;4997;22;;;4993.0;-12542.484375
-2;41800;AMETHYSTS;9996;2;9995;22;;;10004;2;10005;22;;;10000.0;-8182.0
-2;41900;AMETHYSTS;9996;1;9995;21;;;9998;4;10004;1;10005;21;9997.0;-8190.0
-2;41900;STARFRUIT;4991;1;4990;21;;;4995;1;4997;22;;;4993.0;-12548.0
-2;42000;STARFRUIT;4990;31;;;;;4995;5;4996;2;4997;30;4992.5;-12549.798828125
-2;42000;AMETHYSTS;9996;2;9995;30;;;10004;2;10005;30;;;10000.0;-8194.0
-2;42100;STARFRUIT;4990;23;;;;;4997;23;;;;;4993.5;-12549.705078125
-2;42100;AMETHYSTS;9998;8;9996;2;9995;21;10004;2;10005;21;;;10001.0;-8202.0
-2;42200;STARFRUIT;4990;28;;;;;4997;28;;;;;4993.5;-12549.6328125
-2;42200;AMETHYSTS;10002;1;9995;28;;;10005;28;;;;;10003.5;-8218.0
-2;42300;AMETHYSTS;9995;20;;;;;10005;20;;;;;10000.0;-8216.0
-2;42300;STARFRUIT;4990;20;;;;;4991;7;4995;2;4997;20;4990.5;-12549.9150390625
-2;42400;STARFRUIT;4990;1;4989;29;;;4996;31;;;;;4993.0;-12608.265625
-2;42400;AMETHYSTS;9996;2;9995;29;;;10004;2;10005;29;;;10000.0;-8316.0
-2;42500;STARFRUIT;4989;24;;;;;4996;24;;;;;4992.5;-12710.7890625
-2;42500;AMETHYSTS;9995;24;;;;;10002;3;10005;24;;;9998.5;-8324.0
-2;42600;STARFRUIT;4989;26;;;;;4996;26;;;;;4992.5;-12787.1328125
-2;42600;AMETHYSTS;9995;26;;;;;10005;26;;;;;10000.0;-8330.0
-2;42700;AMETHYSTS;9995;26;;;;;10005;26;;;;;10000.0;-8460.0
-2;42700;STARFRUIT;4989;26;;;;;4996;26;;;;;4992.5;-12890.765625
-2;42800;STARFRUIT;4989;30;;;;;4996;30;;;;;4992.5;-12970.74609375
-2;42800;AMETHYSTS;9995;30;;;;;10005;30;;;;;10000.0;-8590.0
-2;42900;STARFRUIT;4988;25;;;;;4995;25;;;;;4991.5;-13092.8203125
-2;42900;AMETHYSTS;9995;25;;;;;10005;25;;;;;10000.0;-8740.0
-2;43000;STARFRUIT;4991;2;4990;23;;;4996;23;;;;;4993.5;-13196.015625
-2;43000;AMETHYSTS;9995;23;;;;;10005;23;;;;;10000.0;-8865.0
-2;43100;AMETHYSTS;9995;21;;;;;10005;21;;;;;10000.0;-8980.0
-2;43100;STARFRUIT;4989;21;;;;;4996;21;;;;;4992.5;-13268.6015625
-2;43200;STARFRUIT;4990;1;4989;20;;;4996;21;;;;;4993.0;-13348.123046875
-2;43200;AMETHYSTS;9996;1;9995;20;;;10004;1;10005;20;;;10000.0;-9085.0
-2;43300;AMETHYSTS;9996;1;9995;24;;;10004;1;10005;24;;;10000.0;-9089.0
-2;43300;STARFRUIT;4989;25;;;;;4994;2;4996;25;;;4991.5;-13416.2890625
-2;43400;AMETHYSTS;9996;2;9995;22;;;10004;2;10005;22;;;10000.0;-9093.0
-2;43400;STARFRUIT;4994;4;4989;24;;;4996;24;;;;;4995.0;-13508.1484375
-2;43500;AMETHYSTS;9998;7;9995;23;;;10005;23;;;;;10001.5;-9101.0
-2;43500;STARFRUIT;4990;22;;;;;4995;7;4997;23;;;4992.5;-13582.6640625
-2;43600;STARFRUIT;4990;5;4989;21;;;4996;23;;;;;4993.0;-13649.28515625
-2;43600;AMETHYSTS;9996;2;9995;21;;;10002;9;10004;2;10005;21;9999.0;-9101.0
-2;43700;AMETHYSTS;9996;1;9995;23;;;10004;1;10005;23;;;10000.0;-9119.0
-2;43700;STARFRUIT;4990;24;;;;;4997;24;;;;;4993.5;-13712.15625
-2;43800;AMETHYSTS;9996;2;9995;26;;;10004;2;10005;26;;;10000.0;-9123.0
-2;43800;STARFRUIT;4991;9;4990;26;;;4997;28;;;;;4994.0;-13798.05078125
-2;43900;AMETHYSTS;10002;4;9998;2;9996;1;10004;1;10005;29;;;10003.0;-9131.0
-2;43900;STARFRUIT;4991;6;4990;30;;;4997;30;;;;;4994.0;-13893.7109375
-2;44000;STARFRUIT;4991;2;4990;20;;;4995;3;4997;22;;;4993.0;-13902.734375
-2;44000;AMETHYSTS;9996;2;9995;20;;;10004;2;10005;20;;;10000.0;-9123.0
-2;44100;AMETHYSTS;9995;24;;;;;9998;1;10002;2;10005;24;9996.5;-9131.0
-2;44100;STARFRUIT;4990;24;;;;;4997;24;;;;;4993.5;-13911.60546875
-2;44200;AMETHYSTS;9995;21;;;;;10005;21;;;;;10000.0;-9129.0
-2;44200;STARFRUIT;4991;21;;;;;4998;21;;;;;4994.5;-14011.44921875
-2;44300;AMETHYSTS;9995;27;;;;;10005;27;;;;;10000.0;-9234.0
-2;44300;STARFRUIT;4991;27;;;;;4998;27;;;;;4994.5;-14082.05078125
-2;44400;STARFRUIT;4991;28;;;;;4998;28;;;;;4994.5;-14171.1484375
-2;44400;AMETHYSTS;9998;7;9995;28;;;10005;28;;;;;10001.5;-9369.0
-2;44500;AMETHYSTS;9995;21;;;;;10005;21;;;;;10000.0;-9383.0
-2;44500;STARFRUIT;4995;1;4991;2;4990;21;4997;21;;;;;4996.0;-14285.86328125
-2;44600;AMETHYSTS;9996;1;9995;23;;;10004;1;10005;23;;;10000.0;-9383.0
-2;44600;STARFRUIT;4990;1;4989;23;;;4996;24;;;;;4993.0;-14288.9140625
-2;44700;AMETHYSTS;9995;29;;;;;10002;10;10005;29;;;9998.5;-9387.0
-2;44700;STARFRUIT;4989;29;;;;;4996;29;;;;;4992.5;-14293.66796875
-2;44800;STARFRUIT;4989;29;;;;;4996;29;;;;;4992.5;-14296.8515625
-2;44800;AMETHYSTS;9995;29;;;;;9998;1;10002;10;10005;29;9996.5;-9387.0
-2;44900;AMETHYSTS;9996;1;9995;25;;;10004;1;10005;25;;;10000.0;-9387.0
-2;44900;STARFRUIT;4989;2;4988;25;;;4995;26;;;;;4992.0;-14300.765625
-2;45000;AMETHYSTS;10002;1;9996;2;9995;24;10004;2;10005;24;;;10003.0;-9391.0
-2;45000;STARFRUIT;4988;26;;;;;4995;26;;;;;4991.5;-14307.9921875
-2;45100;AMETHYSTS;9996;1;9995;26;;;10004;1;10005;26;;;10000.0;-9399.0
-2;45100;STARFRUIT;4988;27;;;;;4993;5;4995;27;;;4990.5;-14397.375
-2;45200;STARFRUIT;4989;1;4988;28;;;4993;6;4995;29;;;4991.0;-14413.921875
-2;45200;AMETHYSTS;9996;1;9995;28;;;10004;1;10005;28;;;10000.0;-9403.0
-2;45300;AMETHYSTS;9995;22;;;;;10005;22;;;;;10000.0;-9407.0
-2;45300;STARFRUIT;4989;4;4988;22;;;4995;22;;;;;4992.0;-14413.84375
-2;45400;AMETHYSTS;9996;2;9995;21;;;9998;1;10004;2;10005;21;9997.0;-9407.0
-2;45400;STARFRUIT;4988;22;;;;;4993;2;4994;2;4995;21;4990.5;-14497.75
-2;45500;STARFRUIT;4987;25;;;;;4990;3;4994;25;;;4988.5;-14562.44140625
-2;45500;AMETHYSTS;9996;1;9995;24;;;10000;3;10004;1;10005;24;9998.0;-9405.0
-2;45600;STARFRUIT;4988;7;4987;26;;;4994;26;;;;;4991.0;-14556.673828125
-2;45600;AMETHYSTS;9995;26;;;;;10002;5;10005;26;;;9998.5;-9409.0
-2;45700;STARFRUIT;4986;24;;;;;4993;24;;;;;4989.5;-14667.828125
-2;45700;AMETHYSTS;9995;24;;;;;10005;24;;;;;10000.0;-9419.0
-2;45800;AMETHYSTS;9996;1;9995;27;;;10004;1;10005;27;;;10000.0;-9539.0
-2;45800;STARFRUIT;4986;27;;;;;4992;1;4993;27;;;4989.0;-14752.990234375
-2;45900;STARFRUIT;4987;4;4986;31;;;4993;31;;;;;4990.0;-14756.595703125
-2;45900;AMETHYSTS;9996;1;9995;30;;;10004;1;10005;30;;;10000.0;-9543.0
-2;46000;STARFRUIT;4986;26;;;;;4993;26;;;;;4989.5;-14756.361328125
-2;46000;AMETHYSTS;9996;2;9995;24;;;10004;2;10005;24;;;10000.0;-9547.0
-2;46100;STARFRUIT;4986;25;;;;;4992;2;4993;23;;;4989.0;-14755.7177734375
-2;46100;AMETHYSTS;9998;6;9996;2;9995;23;10004;2;10005;23;;;10001.0;-9555.0
-2;46200;AMETHYSTS;9998;2;9996;1;9995;27;10004;1;10005;27;;;10001.0;-9563.0
-2;46200;STARFRUIT;4986;28;;;;;4993;28;;;;;4989.5;-14761.4814453125
-2;46300;STARFRUIT;4986;29;;;;;4993;29;;;;;4989.5;-14761.591796875
-2;46300;AMETHYSTS;9996;2;9995;27;;;10004;2;10005;27;;;10000.0;-9567.0
-2;46400;STARFRUIT;4986;22;;;;;4993;22;;;;;4989.5;-14761.501953125
-2;46400;AMETHYSTS;9995;22;;;;;10005;22;;;;;10000.0;-9575.0
-2;46500;STARFRUIT;4989;6;4986;31;;;4993;31;;;;;4991.0;-14761.654296875
-2;46500;AMETHYSTS;10000;6;9996;1;9995;30;10004;1;10005;30;;;10002.0;-9685.0
-2;46600;AMETHYSTS;9998;10;9996;1;9995;27;10004;1;10005;27;;;10001.0;-9685.0
-2;46600;STARFRUIT;4987;3;4986;28;;;4993;28;;;;;4990.0;-14761.32421875
-2;46700;STARFRUIT;4986;26;;;;;4993;26;;;;;4989.5;-14761.5732421875
-2;46700;AMETHYSTS;9995;26;;;;;10005;26;;;;;10000.0;-9705.0
-2;46800;STARFRUIT;4987;1;4986;21;;;4993;22;;;;;4990.0;-14761.7578125
-2;46800;AMETHYSTS;9996;1;9995;21;;;10004;1;10005;21;;;10000.0;-9705.0
-2;46900;STARFRUIT;4992;1;4986;32;;;4993;32;;;;;4992.5;-14761.59375
-2;46900;AMETHYSTS;9996;2;9995;30;;;10004;2;10005;30;;;10000.0;-9709.0
-2;47000;AMETHYSTS;9996;1;9995;20;;;10004;1;10005;20;;;10000.0;-9717.0
-2;47000;STARFRUIT;4986;21;;;;;4992;1;4993;20;;;4989.0;-14761.107421875
-2;47100;STARFRUIT;4986;26;;;;;4988;4;4993;26;;;4987.0;-14764.0
-2;47100;AMETHYSTS;9996;2;9995;24;;;9998;1;10004;2;10005;24;9997.0;-9721.0
-2;47200;STARFRUIT;4987;2;4986;28;;;4993;30;;;;;4990.0;-14757.009765625
-2;47200;AMETHYSTS;10002;1;9996;2;9995;28;10004;2;10005;28;;;10003.0;-9719.0
-2;47300;STARFRUIT;4987;25;;;;;4992;1;4994;25;;;4989.5;-14760.0791015625
-2;47300;AMETHYSTS;10002;1;9998;3;9995;25;10005;25;;;;;10003.5;-9717.0
-2;47400;AMETHYSTS;9995;24;;;;;10002;9;10005;24;;;9998.5;-9717.0
-2;47400;STARFRUIT;4988;1;4987;24;;;4994;24;;;;;4991.0;-14760.6005859375
-2;47500;STARFRUIT;4988;30;;;;;4993;6;4995;30;;;4990.5;-14762.9619140625
-2;47500;AMETHYSTS;9995;30;;;;;10002;1;10005;30;;;9998.5;-9735.0
-2;47600;STARFRUIT;4988;1;4987;27;;;4994;28;;;;;4991.0;-14763.134765625
-2;47600;AMETHYSTS;9996;1;9995;27;;;10004;1;10005;27;;;10000.0;-9735.0
-2;47700;STARFRUIT;4988;1;4987;22;;;4994;23;;;;;4991.0;-14766.0
-2;47700;AMETHYSTS;9996;1;9995;22;;;10002;8;10004;1;10005;22;9999.0;-9739.0
-2;47800;AMETHYSTS;9996;1;9995;22;;;10002;8;10004;1;10005;22;9999.0;-9743.0
-2;47800;STARFRUIT;4988;23;;;;;4995;23;;;;;4991.5;-14766.0
-2;47900;STARFRUIT;4987;27;;;;;4994;27;;;;;4990.5;-14766.0
-2;47900;AMETHYSTS;10002;1;9995;27;;;10005;27;;;;;10003.5;-9747.0
-2;48000;STARFRUIT;4987;27;;;;;4994;27;;;;;4990.5;-14766.0
-2;48000;AMETHYSTS;9995;27;;;;;10005;27;;;;;10000.0;-9745.0
-2;48100;STARFRUIT;4989;1;4988;21;;;4994;21;;;;;4991.5;-14766.0
-2;48100;AMETHYSTS;9995;21;;;;;10002;9;10005;21;;;9998.5;-9745.0
-2;48200;AMETHYSTS;9998;5;9995;25;;;10005;25;;;;;10001.5;-9850.0
-2;48200;STARFRUIT;4988;25;;;;;4995;25;;;;;4991.5;-14766.0
-2;48300;STARFRUIT;4988;29;;;;;4991;5;4995;29;;;4989.5;-14766.0
-2;48300;AMETHYSTS;9996;1;9995;28;;;9998;1;10000;5;10004;1;9997.0;-9975.0
-2;48400;STARFRUIT;4989;1;4988;27;;;4995;27;;;;;4992.0;-14762.564453125
-2;48400;AMETHYSTS;9995;27;;;;;10002;7;10005;27;;;9998.5;-9979.0
-2;48500;STARFRUIT;4990;1;4989;29;;;4996;29;;;;;4993.0;-14763.9296875
-2;48500;AMETHYSTS;9995;29;;;;;9998;1;10005;29;;;9996.5;-10114.0
-2;48600;AMETHYSTS;9996;1;9995;28;;;10004;1;10005;28;;;10000.0;-10112.0
-2;48600;STARFRUIT;4990;1;4989;29;;;4995;1;4996;28;;;4992.5;-14765.634765625
-2;48700;STARFRUIT;4989;1;4988;22;;;4995;23;;;;;4992.0;-14768.03515625
-2;48700;AMETHYSTS;9996;1;9995;22;;;10004;1;10005;22;;;10000.0;-10116.0
-2;48800;STARFRUIT;4989;5;4988;24;;;4995;24;;;;;4992.0;-14771.466796875
-2;48800;AMETHYSTS;9996;1;9995;23;;;10004;1;10005;23;;;10000.0;-10120.0
-2;48900;STARFRUIT;4989;7;4988;27;;;4995;27;;;;;4992.0;-14782.95703125
-2;48900;AMETHYSTS;9995;27;;;;;10005;27;;;;;10000.0;-10124.0
-2;49000;AMETHYSTS;9996;2;9995;30;;;10004;2;10005;30;;;10000.0;-10259.0
-2;49000;STARFRUIT;4989;7;4988;32;;;4994;2;4995;30;;;4991.5;-14782.11328125
-2;49100;STARFRUIT;4989;8;4988;32;;;4995;32;;;;;4992.0;-14788.59765625
-2;49100;AMETHYSTS;9996;2;9995;30;;;10004;2;10005;30;;;10000.0;-10267.0
-2;49200;STARFRUIT;4988;21;;;;;4994;1;4995;20;;;4991.0;-14788.306640625
-2;49200;AMETHYSTS;9996;1;9995;20;;;10004;1;10005;20;;;10000.0;-10275.0
-2;49300;STARFRUIT;4987;22;;;;;4988;1;4994;22;;;4987.5;-14790.658203125
-2;49300;AMETHYSTS;9998;9;9996;1;9995;21;10004;1;10005;21;;;10001.0;-10279.0
-2;49400;AMETHYSTS;9995;20;;;;;10005;20;;;;;10000.0;-10297.0
-2;49400;STARFRUIT;4992;14;4987;20;;;4994;20;;;;;4993.0;-14788.0
-2;49500;STARFRUIT;4988;8;4987;32;;;4994;32;;;;;4991.0;-14856.265625
-2;49500;AMETHYSTS;9996;2;9995;30;;;10004;2;10005;30;;;10000.0;-10397.0
-2;49600;STARFRUIT;4992;1;4987;24;;;4994;24;;;;;4993.0;-14880.625
-2;49600;AMETHYSTS;9995;24;;;;;10005;24;;;;;10000.0;-10405.0
-2;49700;STARFRUIT;4987;28;;;;;4993;2;4994;26;;;4990.0;-14879.90625
-2;49700;AMETHYSTS;9998;7;9996;2;9995;26;10004;2;10005;26;;;10001.0;-10525.0
-2;49800;AMETHYSTS;9996;2;9995;23;;;10004;2;10005;23;;;10000.0;-10533.0
-2;49800;STARFRUIT;4987;25;;;;;4988;5;4994;25;;;4987.5;-14972.421875
-2;49900;STARFRUIT;4986;23;;;;;4993;23;;;;;4989.5;-14949.0078125
-2;49900;AMETHYSTS;9998;3;9995;23;;;10005;23;;;;;10001.5;-10541.0
-2;50000;STARFRUIT;4986;1;4985;20;;;4992;21;;;;;4989.0;-15036.31640625
-2;50000;AMETHYSTS;9996;1;9995;20;;;10004;1;10005;20;;;10000.0;-10656.0
-2;50100;AMETHYSTS;9995;24;;;;;10005;24;;;;;10000.0;-10660.0
-2;50100;STARFRUIT;4986;24;;;;;4991;2;4993;24;;;4988.5;-15038.6015625
-2;50200;STARFRUIT;4985;24;;;;;4992;24;;;;;4988.5;-15109.5234375
-2;50200;AMETHYSTS;9995;24;;;;;10005;24;;;;;10000.0;-10780.0
-2;50300;STARFRUIT;4985;30;;;;;4992;30;;;;;4988.5;-15187.5
-2;50300;AMETHYSTS;9995;30;;;;;10002;10;10005;30;;;9998.5;-10900.0
-2;50400;STARFRUIT;4985;23;;;;;4988;2;4990;1;4992;23;4986.5;-15289.6796875
-2;50400;AMETHYSTS;9998;4;9996;1;9995;22;10000;2;10004;1;10005;22;9999.0;-11050.0
-2;50500;AMETHYSTS;9996;2;9995;23;;;10004;2;10005;23;;;10000.0;-11050.0
-2;50500;STARFRUIT;4986;2;4985;23;;;4992;25;;;;;4989.0;-15298.90625
-2;50600;STARFRUIT;4985;23;;;;;4986;8;4992;23;;;4985.5;-15378.08984375
-2;50600;AMETHYSTS;10002;1;9996;2;9995;21;10004;2;10005;21;;;10003.0;-11058.0
-2;50700;STARFRUIT;4986;2;4985;22;;;4992;24;;;;;4989.0;-15467.75
-2;50700;AMETHYSTS;9996;2;9995;22;;;10004;2;10005;22;;;10000.0;-11066.0
-2;50800;STARFRUIT;4991;1;4986;24;;;4993;24;;;;;4992.0;-15537.61328125
-2;50800;AMETHYSTS;10002;5;9996;2;9995;22;10004;2;10005;22;;;10003.0;-11074.0
-2;50900;AMETHYSTS;9996;1;9995;27;;;10004;1;10005;27;;;10000.0;-11082.0
-2;50900;STARFRUIT;4986;28;;;;;4991;4;4992;1;4993;27;4988.5;-15537.16796875
-2;51000;STARFRUIT;4986;28;;;;;4993;28;;;;;4989.5;-15535.94140625
-2;51000;AMETHYSTS;9996;2;9995;26;;;10004;2;10005;26;;;10000.0;-11086.0
-2;51100;STARFRUIT;4986;26;;;;;4992;1;4993;25;;;4989.0;-15537.19921875
-2;51100;AMETHYSTS;9998;6;9996;1;9995;25;10004;1;10005;25;;;10001.0;-11094.0
-2;51200;STARFRUIT;4986;2;4985;28;;;4992;30;;;;;4989.0;-15613.5390625
-2;51200;AMETHYSTS;9996;2;9995;28;;;10004;2;10005;28;;;10000.0;-11106.0
-2;51300;AMETHYSTS;9996;1;9995;24;;;10004;1;10005;24;;;10000.0;-11114.0
-2;51300;STARFRUIT;4985;25;;;;;4992;25;;;;;4988.5;-15712.35546875
-2;51400;STARFRUIT;4985;30;;;;;4992;30;;;;;4988.5;-15802.7734375
-2;51400;AMETHYSTS;9995;30;;;;;10002;3;10005;30;;;9998.5;-11118.0
-2;51500;STARFRUIT;4991;1;4985;30;;;4992;30;;;;;4991.5;-15902.234375
-2;51500;AMETHYSTS;9995;30;;;;;10005;30;;;;;10000.0;-11124.0
-2;51600;STARFRUIT;4988;5;4985;24;;;4992;24;;;;;4990.0;-15903.1484375
-2;51600;AMETHYSTS;10000;5;9996;2;9995;22;10002;1;10004;2;10005;22;10001.0;-11124.0
-2;51700;AMETHYSTS;9995;20;;;;;10005;20;;;;;10000.0;-11124.0
-2;51700;STARFRUIT;4984;20;;;;;4986;4;4991;20;;;4985.0;-15909.5859375
-2;51800;STARFRUIT;4985;25;;;;;4992;25;;;;;4988.5;-15995.59375
-2;51800;AMETHYSTS;9996;1;9995;24;;;10004;1;10005;24;;;10000.0;-11224.0
-2;51900;STARFRUIT;4990;4;4986;1;4985;23;4992;24;;;;;4991.0;-16074.6953125
-2;51900;AMETHYSTS;9996;1;9995;23;;;10004;1;10005;23;;;10000.0;-11228.0
-2;52000;STARFRUIT;4985;29;;;;;4990;6;4992;29;;;4987.5;-16071.1015625
-2;52000;AMETHYSTS;9998;3;9995;29;;;10005;29;;;;;10001.5;-11232.0
-2;52100;AMETHYSTS;9995;21;;;;;10005;21;;;;;10000.0;-11238.0
-2;52100;STARFRUIT;4985;21;;;;;4992;21;;;;;4988.5;-16179.21875
-2;52200;STARFRUIT;4985;31;;;;;4991;2;4992;29;;;4988.0;-16251.95703125
-2;52200;AMETHYSTS;9996;2;9995;29;;;10004;2;10005;29;;;10000.0;-11343.0
-2;52300;AMETHYSTS;10002;1;9996;1;9995;27;10004;1;10005;27;;;10003.0;-11351.0
-2;52300;STARFRUIT;4990;1;4985;28;;;4991;1;4992;27;;;4990.5;-16251.611328125
-2;52400;AMETHYSTS;9998;3;9996;1;9995;29;10004;1;10005;29;;;10001.0;-11355.0
-2;52400;STARFRUIT;4985;30;;;;;4991;1;4992;29;;;4988.0;-16249.513671875
-2;52500;AMETHYSTS;9996;1;9995;27;;;9998;1;10004;1;10005;27;9997.0;-11359.0
-2;52500;STARFRUIT;4990;1;4984;28;;;4991;28;;;;;4990.5;-16250.634765625
-2;52600;STARFRUIT;4985;23;;;;;4988;4;4991;1;4992;22;4986.5;-16247.8564453125
-2;52600;AMETHYSTS;9998;1;9996;1;9995;22;10000;4;10004;1;10005;22;9999.0;-11357.0
-2;52700;AMETHYSTS;9996;2;9995;25;;;10004;2;10005;25;;;10000.0;-11357.0
-2;52700;STARFRUIT;4985;26;;;;;4992;27;;;;;4988.5;-16247.548828125
-2;52800;AMETHYSTS;9995;26;;;;;10005;26;;;;;10000.0;-11365.0
-2;52800;STARFRUIT;4985;26;;;;;4992;26;;;;;4988.5;-16247.931640625
-2;52900;AMETHYSTS;9995;30;;;;;10005;30;;;;;10000.0;-11365.0
-2;52900;STARFRUIT;4984;30;;;;;4991;30;;;;;4987.5;-16248.154296875
-2;53000;STARFRUIT;4984;21;;;;;4991;21;;;;;4987.5;-16248.32421875
-2;53000;AMETHYSTS;10002;1;9996;1;9995;20;10004;1;10005;20;;;10003.0;-11365.0
-2;53100;AMETHYSTS;9995;24;;;;;10005;24;;;;;10000.0;-11363.0
-2;53100;STARFRUIT;4984;24;;;;;4991;24;;;;;4987.5;-16326.765625
-2;53200;AMETHYSTS;9996;1;9995;30;;;10004;1;10005;30;;;10000.0;-11363.0
-2;53200;STARFRUIT;4990;1;4984;31;;;4991;31;;;;;4990.5;-16405.28125
-2;53300;AMETHYSTS;9995;29;;;;;10005;29;;;;;10000.0;-11367.0
-2;53300;STARFRUIT;4984;29;;;;;4991;29;;;;;4987.5;-16404.916015625
-2;53400;STARFRUIT;4984;25;;;;;4991;25;;;;;4987.5;-16403.162109375
-2;53400;AMETHYSTS;9998;6;9996;2;9995;23;10004;2;10005;23;;;10001.0;-11367.0
-2;53500;AMETHYSTS;9996;2;9995;21;;;10002;1;10004;2;10005;21;9999.0;-11379.0
-2;53500;STARFRUIT;4984;23;;;;;4991;23;;;;;4987.5;-16402.787109375
-2;53600;AMETHYSTS;9995;24;;;;;9998;9;10005;24;;;9996.5;-11381.0
-2;53600;STARFRUIT;4985;24;;;;;4992;24;;;;;4988.5;-16498.7578125
-2;53700;AMETHYSTS;9998;1;9995;30;;;10005;30;;;;;10001.5;-11363.0
-2;53700;STARFRUIT;4985;30;;;;;4992;30;;;;;4988.5;-16587.056640625
-2;53800;STARFRUIT;4985;30;;;;;4992;30;;;;;4988.5;-16587.390625
-2;53800;AMETHYSTS;10002;3;9995;30;;;10005;30;;;;;10003.5;-11365.0
-2;53900;AMETHYSTS;9996;2;9995;25;;;10004;2;10005;25;;;10000.0;-11359.0
-2;53900;STARFRUIT;4986;2;4985;25;;;4992;27;;;;;4989.0;-16586.849609375
-2;54000;AMETHYSTS;9998;6;9996;1;9995;30;10004;1;10005;30;;;10001.0;-11367.0
-2;54000;STARFRUIT;4986;31;;;;;4991;1;4992;1;4993;30;4988.5;-16591.83984375
-2;54100;AMETHYSTS;9998;2;9996;2;9995;22;10004;2;10005;22;;;10001.0;-11371.0
-2;54100;STARFRUIT;4986;24;;;;;4991;2;4993;24;;;4988.5;-16591.23046875
-2;54200;STARFRUIT;4986;28;;;;;4993;28;;;;;4989.5;-16591.36328125
-2;54200;AMETHYSTS;9995;28;;;;;10005;28;;;;;10000.0;-11379.0
-2;54300;AMETHYSTS;9996;2;9995;23;;;10004;2;10005;23;;;10000.0;-11379.0
-2;54300;STARFRUIT;4991;1;4986;25;;;4992;2;4993;23;;;4991.5;-16591.85546875
-2;54400;AMETHYSTS;9995;29;;;;;10005;29;;;;;10000.0;-11387.0
-2;54400;STARFRUIT;4986;29;;;;;4993;29;;;;;4989.5;-16589.9140625
-2;54500;STARFRUIT;4986;1;4985;20;;;4992;21;;;;;4989.0;-16590.234375
-2;54500;AMETHYSTS;9996;1;9995;20;;;10004;1;10005;20;;;10000.0;-11387.0
-2;54600;STARFRUIT;4985;27;;;;;4992;27;;;;;4988.5;-16593.0
-2;54600;AMETHYSTS;10002;3;9995;27;;;10005;27;;;;;10003.5;-11391.0
-2;54700;STARFRUIT;4984;29;;;;;4986;4;4991;29;;;4985.0;-16593.0
-2;54700;AMETHYSTS;9996;2;9995;27;;;10004;2;10005;27;;;10000.0;-11385.0
-2;54800;AMETHYSTS;9998;8;9995;27;;;10005;27;;;;;10001.5;-11393.0
-2;54800;STARFRUIT;4984;27;;;;;4989;1;4991;27;;;4986.5;-16585.923828125
-2;54900;STARFRUIT;4984;29;;;;;4991;29;;;;;4987.5;-16587.55859375
-2;54900;AMETHYSTS;9996;1;9995;28;;;10002;3;10004;1;10005;28;9999.0;-11393.0
-2;55000;STARFRUIT;4985;6;4984;30;;;4990;2;4991;28;;;4987.5;-16588.4453125
-2;55000;AMETHYSTS;9996;2;9995;28;;;10002;8;10004;2;10005;28;9999.0;-11399.0
-2;55100;STARFRUIT;4985;8;4984;29;;;4991;29;;;;;4988.0;-16601.234375
-2;55100;AMETHYSTS;9995;29;;;;;10005;29;;;;;10000.0;-11407.0
-2;55200;AMETHYSTS;9996;2;9995;21;;;10004;2;10005;21;;;10000.0;-11407.0
-2;55200;STARFRUIT;4984;23;;;;;4985;5;4989;8;4990;2;4984.5;-16601.48046875
-2;55300;STARFRUIT;4985;2;4984;27;;;4991;29;;;;;4988.0;-16588.02734375
-2;55300;AMETHYSTS;9996;2;9995;27;;;9998;1;10002;2;10004;2;9997.0;-11415.0
-2;55400;STARFRUIT;4986;2;4985;22;;;4991;1;4992;21;;;4988.5;-16593.9296875
-2;55400;AMETHYSTS;9998;3;9996;1;9995;21;10004;1;10005;21;;;10001.0;-11413.0
-2;55500;STARFRUIT;4990;1;4985;4;4984;25;4991;25;;;;;4990.5;-16597.5078125
-2;55500;AMETHYSTS;9995;25;;;;;10002;9;10005;25;;;9998.5;-11417.0
-2;55600;AMETHYSTS;9995;26;;;;;10005;26;;;;;10000.0;-11417.0
-2;55600;STARFRUIT;4985;3;4984;26;;;4991;26;;;;;4988.0;-16597.55859375
-2;55700;STARFRUIT;4985;2;4984;23;;;4991;23;;;;;4988.0;-16597.322265625
-2;55700;AMETHYSTS;9996;2;9995;21;;;10004;2;10005;21;;;10000.0;-11417.0
-2;55800;STARFRUIT;4984;27;;;;;4991;27;;;;;4987.5;-16597.48046875
-2;55800;AMETHYSTS;9998;6;9996;1;9995;26;10004;1;10005;26;;;10001.0;-11425.0
-2;55900;STARFRUIT;4984;22;;;;;4991;22;;;;;4987.5;-16597.20703125
-2;55900;AMETHYSTS;9995;22;;;;;10005;22;;;;;10000.0;-11429.0
-2;56000;AMETHYSTS;9996;2;9995;22;;;10002;10;10004;2;10005;22;9999.0;-11429.0
-2;56000;STARFRUIT;4984;2;4983;22;;;4985;3;4990;24;;;4984.5;-16596.92578125
-2;56100;STARFRUIT;4983;22;;;;;4990;22;;;;;4986.5;-16591.55859375
-2;56100;AMETHYSTS;9996;2;9995;20;;;10004;2;10005;20;;;10000.0;-11449.0
-2;56200;STARFRUIT;4987;2;4983;30;;;4990;30;;;;;4988.5;-16668.4140625
-2;56200;AMETHYSTS;9996;1;9995;29;;;10004;1;10005;29;;;10000.0;-11457.0
-2;56300;STARFRUIT;4983;8;4982;25;;;4989;27;;;;;4986.0;-16781.5546875
-2;56300;AMETHYSTS;10002;1;9996;2;9995;25;10004;2;10005;25;;;10003.0;-11461.0
-2;56400;AMETHYSTS;9996;1;9995;30;;;10004;1;10005;30;;;10000.0;-11459.0
-2;56400;STARFRUIT;4982;31;;;;;4989;31;;;;;4985.5;-16804.04296875
-2;56500;STARFRUIT;4982;29;;;;;4989;29;;;;;4985.5;-16804.0546875
-2;56500;AMETHYSTS;9996;2;9995;27;;;10004;2;10005;27;;;10000.0;-11463.0
-2;56600;STARFRUIT;4983;2;4982;29;;;4989;31;;;;;4986.0;-16803.103515625
-2;56600;AMETHYSTS;9996;2;9995;29;;;10002;4;10004;2;10005;29;9999.0;-11471.0
-2;56700;STARFRUIT;4987;6;4983;2;4982;24;4989;26;;;;;4988.0;-16809.0
-2;56700;AMETHYSTS;9998;3;9996;2;9995;24;10000;2;10004;2;10005;24;9999.0;-11479.0
-2;56800;AMETHYSTS;10002;1;9998;10;9996;2;10004;2;10005;22;;;10003.0;-11485.0
-2;56800;STARFRUIT;4982;24;;;;;4989;24;;;;;4985.5;-16809.0
-2;56900;STARFRUIT;4983;4;4982;20;;;4989;22;;;;;4986.0;-16809.0
-2;56900;AMETHYSTS;9996;2;9995;20;;;10004;2;10005;20;;;10000.0;-11493.0
-2;57000;STARFRUIT;4983;28;;;;;4988;8;4989;1;4990;27;4985.5;-16809.0
-2;57000;AMETHYSTS;9996;1;9995;27;;;10004;1;10005;27;;;10000.0;-11501.0
-2;57100;STARFRUIT;4984;2;4983;25;;;4990;27;;;;;4987.0;-16818.91796875
-2;57100;AMETHYSTS;9996;2;9995;25;;;10004;2;10005;25;;;10000.0;-11505.0
-2;57200;AMETHYSTS;10002;2;9996;1;9995;26;10004;1;10005;26;;;10003.0;-11513.0
-2;57200;STARFRUIT;4989;1;4984;27;;;4990;27;;;;;4989.5;-16823.046875
-2;57300;STARFRUIT;4984;1;4983;26;;;4990;27;;;;;4987.0;-16821.08203125
-2;57300;AMETHYSTS;9996;1;9995;26;;;10002;9;10004;1;10005;26;9999.0;-11517.0
-2;57400;STARFRUIT;4984;24;;;;;4989;2;4991;24;;;4986.5;-16821.94140625
-2;57400;AMETHYSTS;9995;24;;;;;10005;24;;;;;10000.0;-11535.0
-2;57500;STARFRUIT;4989;5;4986;5;4985;25;4991;2;4992;23;;;4990.0;-16918.4296875
-2;57500;AMETHYSTS;9998;5;9996;2;9995;23;10004;2;10005;23;;;10001.0;-11655.0
-2;57600;AMETHYSTS;9995;24;;;;;10005;24;;;;;10000.0;-11663.0
-2;57600;STARFRUIT;4984;24;;;;;4991;24;;;;;4987.5;-16920.765625
-2;57700;STARFRUIT;4985;29;;;;;4991;29;;;;;4988.0;-16994.0390625
-2;57700;AMETHYSTS;9995;29;;;;;10005;29;;;;;10000.0;-11783.0
-2;57800;STARFRUIT;4984;31;;;;;4991;31;;;;;4987.5;-16998.048828125
-2;57800;AMETHYSTS;9998;1;9996;2;9995;29;10004;2;10005;29;;;10001.0;-11928.0
-2;57900;STARFRUIT;4984;27;;;;;4987;6;4989;5;4990;2;4985.5;-16998.921875
-2;57900;AMETHYSTS;9996;2;9995;25;;;9998;1;10000;6;10004;2;9997.0;-11936.0
-2;58000;AMETHYSTS;9996;1;9995;24;;;9998;4;10004;1;10005;24;9997.0;-11934.0
-2;58000;STARFRUIT;4984;5;4983;24;;;4990;25;;;;;4987.0;-17001.03515625
-2;58100;STARFRUIT;4983;23;;;;;4990;23;;;;;4986.5;-17015.2578125
-2;58100;AMETHYSTS;9995;23;;;;;10005;23;;;;;10000.0;-11926.0
-2;58200;STARFRUIT;4983;31;;;;;4990;31;;;;;4986.5;-17015.44921875
-2;58200;AMETHYSTS;9996;1;9995;30;;;10004;1;10005;30;;;10000.0;-12041.0
-2;58300;STARFRUIT;4983;29;;;;;4990;29;;;;;4986.5;-17015.517578125
-2;58300;AMETHYSTS;9995;29;;;;;10005;29;;;;;10000.0;-12045.0
-2;58400;AMETHYSTS;9996;2;9995;21;;;10004;2;10005;21;;;10000.0;-12190.0
-2;58400;STARFRUIT;4983;23;;;;;4988;1;4990;23;;;4985.5;-17015.55859375
-2;58500;STARFRUIT;4983;21;;;;;4990;21;;;;;4986.5;-17015.36328125
-2;58500;AMETHYSTS;9995;21;;;;;10002;1;10005;21;;;9998.5;-12198.0
-2;58600;STARFRUIT;4983;25;;;;;4988;7;4990;25;;;4985.5;-17093.546875
-2;58600;AMETHYSTS;10002;1;9995;25;;;10005;25;;;;;10003.5;-12200.0
-2;58700;STARFRUIT;4984;2;4983;32;;;4990;32;;;;;4987.0;-17099.54296875
-2;58700;AMETHYSTS;9996;2;9995;30;;;10004;2;10005;30;;;10000.0;-12325.0
-2;58800;STARFRUIT;4982;29;;;;;4989;29;;;;;4985.5;-17221.1875
-2;58800;AMETHYSTS;9995;29;;;;;10002;1;10005;29;;;9998.5;-12333.0
-2;58900;STARFRUIT;4983;25;;;;;4990;25;;;;;4986.5;-17341.80078125
-2;58900;AMETHYSTS;9996;1;9995;24;;;10004;1;10005;24;;;10000.0;-12333.0
-2;59000;STARFRUIT;4984;22;;;;;4990;2;4991;20;;;4987.0;-17421.359375
-2;59000;AMETHYSTS;9996;2;9995;20;;;10004;2;10005;20;;;10000.0;-12337.0
-2;59100;AMETHYSTS;9995;27;;;;;10005;27;;;;;10000.0;-12345.0
-2;59100;STARFRUIT;4984;7;4983;27;;;4990;27;;;;;4987.0;-17487.03125
-2;59200;STARFRUIT;4984;31;;;;;4990;2;4991;29;;;4987.0;-17567.328125
-2;59200;AMETHYSTS;9998;4;9996;2;9995;29;10004;2;10005;29;;;10001.0;-12345.0
-2;59300;STARFRUIT;4983;26;;;;;4988;2;4990;27;;;4985.5;-17656.23828125
-2;59300;AMETHYSTS;9996;1;9995;26;;;10004;1;10005;26;;;10000.0;-12353.0
-2;59400;STARFRUIT;4983;1;4982;21;;;4989;22;;;;;4986.0;-17653.6953125
-2;59400;AMETHYSTS;9996;1;9995;21;;;10004;1;10005;21;;;10000.0;-12357.0
-2;59500;AMETHYSTS;10002;5;9995;23;;;10005;23;;;;;10003.5;-12361.0
-2;59500;STARFRUIT;4982;23;;;;;4989;23;;;;;4985.5;-17724.29296875
-2;59600;STARFRUIT;4983;29;;;;;4990;29;;;;;4986.5;-17816.3046875
-2;59600;AMETHYSTS;9996;2;9995;27;;;10004;2;10005;27;;;10000.0;-12351.0
-2;59700;STARFRUIT;4982;21;;;;;4989;21;;;;;4985.5;-17930.6328125
-2;59700;AMETHYSTS;9995;21;;;;;10005;21;;;;;10000.0;-12359.0
-2;59800;STARFRUIT;4982;25;;;;;4989;25;;;;;4985.5;-18012.1640625
-2;59800;AMETHYSTS;9996;1;9995;24;;;10004;1;10005;24;;;10000.0;-12464.0
-2;59900;AMETHYSTS;9996;1;9995;23;;;10002;6;10004;1;10005;23;9999.0;-12468.0
-2;59900;STARFRUIT;4983;24;;;;;4989;1;4990;23;;;4986.0;-18013.439453125
-2;60000;STARFRUIT;4982;22;;;;;4989;22;;;;;4985.5;-18015.466796875
-2;60000;AMETHYSTS;9998;3;9995;22;;;10005;22;;;;;10001.5;-12472.0
-2;60100;STARFRUIT;4982;27;;;;;4989;27;;;;;4985.5;-18015.72265625
-2;60100;AMETHYSTS;9996;2;9995;25;;;10004;2;10005;25;;;10000.0;-12478.0
-2;60200;STARFRUIT;4987;3;4982;25;;;4989;25;;;;;4988.0;-18015.916015625
-2;60200;AMETHYSTS;9995;25;;;;;10005;25;;;;;10000.0;-12486.0
-2;60300;AMETHYSTS;9996;1;9995;27;;;10004;1;10005;27;;;10000.0;-12611.0
-2;60300;STARFRUIT;4983;1;4982;27;;;4989;28;;;;;4986.0;-18015.83203125
-2;60400;STARFRUIT;4983;1;4982;20;;;4989;21;;;;;4986.0;-18015.90625
-2;60400;AMETHYSTS;9996;1;9995;20;;;9998;1;10004;1;10005;20;9997.0;-12615.0
-2;60500;STARFRUIT;4984;1;4983;23;;;4990;24;;;;;4987.0;-18060.046875
-2;60500;AMETHYSTS;9996;1;9995;23;;;10004;1;10005;23;;;10000.0;-12613.0
-2;60600;STARFRUIT;4984;2;4983;24;;;4990;24;;;;;4987.0;-18071.5078125
-2;60600;AMETHYSTS;9996;2;9995;22;;;10004;2;10005;22;;;10000.0;-12617.0
-2;60700;AMETHYSTS;9995;22;;;;;10005;22;;;;;10000.0;-12625.0
-2;60700;STARFRUIT;4983;22;;;;;4988;5;4990;22;;;4985.5;-18078.640625
-2;60800;STARFRUIT;4983;31;;;;;4990;32;;;;;4986.5;-18152.390625
-2;60800;AMETHYSTS;10002;10;9996;2;9995;30;10004;2;10005;30;;;10003.0;-12735.0
-2;60900;STARFRUIT;4983;31;;;;;4984;3;4987;4;4989;31;4983.5;-18151.017578125
-2;60900;AMETHYSTS;9996;2;9995;29;;;10004;2;10005;29;;;10000.0;-12715.0
-2;61000;AMETHYSTS;9995;28;;;;;10005;28;;;;;10000.0;-12723.0
-2;61000;STARFRUIT;4982;28;;;;;4989;28;;;;;4985.5;-18143.939453125
-2;61100;AMETHYSTS;9995;29;;;;;10005;29;;;;;10000.0;-12723.0
-2;61100;STARFRUIT;4983;29;;;;;4988;3;4990;29;;;4985.5;-18145.203125
-2;61200;STARFRUIT;4983;22;;;;;4986;2;4989;1;4990;21;4984.5;-18150.8125
-2;61200;AMETHYSTS;9998;9;9996;1;9995;21;10000;2;10004;1;10005;21;9999.0;-12723.0
-2;61300;AMETHYSTS;9996;1;9995;22;;;10004;1;10005;22;;;10000.0;-12741.0
-2;61300;STARFRUIT;4982;23;;;;;4989;23;;;;;4985.5;-18151.51171875
-2;61400;AMETHYSTS;9996;1;9995;30;;;10004;1;10005;30;;;10000.0;-12745.0
-2;61400;STARFRUIT;4982;31;;;;;4988;1;4989;30;;;4985.0;-18151.791015625
-2;61500;AMETHYSTS;9996;2;9995;27;;;10004;2;10005;27;;;10000.0;-12749.0
-2;61500;STARFRUIT;4982;29;;;;;4989;29;;;;;4985.5;-18151.630859375
-2;61600;STARFRUIT;4982;30;;;;;4987;5;4989;30;;;4984.5;-18151.470703125
-2;61600;AMETHYSTS;9996;2;9995;28;;;10004;2;10005;28;;;10000.0;-12757.0
-2;61700;AMETHYSTS;9996;1;9995;26;;;10004;1;10005;26;;;10000.0;-12765.0
-2;61700;STARFRUIT;4981;26;;;;;4986;7;4988;27;;;4983.5;-18152.04296875
-2;61800;AMETHYSTS;9995;20;;;;;10005;20;;;;;10000.0;-12769.0
-2;61800;STARFRUIT;4981;20;;;;;4988;20;;;;;4984.5;-18152.08203125
-2;61900;AMETHYSTS;9995;26;;;;;9998;1;10005;26;;;9996.5;-12869.0
-2;61900;STARFRUIT;4982;26;;;;;4989;26;;;;;4985.5;-18232.4140625
-2;62000;STARFRUIT;4987;1;4982;20;;;4989;20;;;;;4988.0;-18334.76171875
-2;62000;AMETHYSTS;9995;20;;;;;10005;20;;;;;10000.0;-12999.0
-2;62100;AMETHYSTS;9996;2;9995;23;;;10004;2;10005;23;;;10000.0;-13099.0
-2;62100;STARFRUIT;4982;25;;;;;4989;25;;;;;4985.5;-18332.001953125
-2;62200;AMETHYSTS;9995;25;;;;;10002;3;10005;25;;;9998.5;-13107.0
-2;62200;STARFRUIT;4981;25;;;;;4988;25;;;;;4984.5;-18401.546875
-2;62300;AMETHYSTS;9995;22;;;;;10005;22;;;;;10000.0;-13232.0
-2;62300;STARFRUIT;4982;22;;;;;4989;22;;;;;4985.5;-18481.955078125
-2;62400;STARFRUIT;4982;25;;;;;4987;8;4989;25;;;4984.5;-18556.78125
-2;62400;AMETHYSTS;9996;2;9995;23;;;10004;2;10005;23;;;10000.0;-13342.0
-2;62500;AMETHYSTS;9996;1;9995;23;;;10004;1;10005;23;;;10000.0;-13350.0
-2;62500;STARFRUIT;4984;2;4983;24;;;4989;1;4990;23;;;4986.5;-18575.125
-2;62600;AMETHYSTS;9995;29;;;;;10005;29;;;;;10000.0;-13354.0
-2;62600;STARFRUIT;4984;29;;;;;4991;29;;;;;4987.5;-18585.94140625
-2;62700;AMETHYSTS;9996;2;9995;24;;;10004;2;10005;24;;;10000.0;-13354.0
-2;62700;STARFRUIT;4984;26;;;;;4990;2;4991;24;;;4987.0;-18585.4921875
-2;62800;STARFRUIT;4983;26;;;;;4984;1;4988;1;4990;26;4983.5;-18588.609375
-2;62800;AMETHYSTS;9995;26;;;;;10005;26;;;;;10000.0;-13362.0
-2;62900;AMETHYSTS;9996;2;9995;27;;;9998;4;10004;2;10005;27;9997.0;-13362.0
-2;62900;STARFRUIT;4984;29;;;;;4989;1;4990;2;4991;27;4986.5;-18587.2578125
-2;63000;AMETHYSTS;9995;29;;;;;10005;29;;;;;10000.0;-13370.0
-2;63000;STARFRUIT;4983;29;;;;;4988;4;4990;29;;;4985.5;-18588.974609375
-2;63100;AMETHYSTS;9996;2;9995;24;;;10004;2;10005;24;;;10000.0;-13370.0
-2;63100;STARFRUIT;4984;1;4983;24;;;4990;26;;;;;4987.0;-18593.1875
-2;63200;STARFRUIT;4983;28;;;;;4990;28;;;;;4986.5;-18596.0
-2;63200;AMETHYSTS;9995;28;;;;;10005;28;;;;;10000.0;-13378.0
-2;63300;STARFRUIT;4984;32;;;;;4990;2;4991;30;;;4987.0;-18596.0
-2;63300;AMETHYSTS;9996;2;9995;30;;;10004;2;10005;30;;;10000.0;-13378.0
-2;63400;AMETHYSTS;9996;2;9995;24;;;10004;2;10005;24;;;10000.0;-13386.0
-2;63400;STARFRUIT;4988;3;4984;2;4983;24;4990;26;;;;;4989.0;-18602.212890625
-2;63500;STARFRUIT;4984;2;4983;20;;;4990;20;;;;;4987.0;-18598.3359375
-2;63500;AMETHYSTS;9998;8;9995;20;;;10005;20;;;;;10001.5;-13394.0
-2;63600;STARFRUIT;4988;1;4983;21;;;4990;21;;;;;4989.0;-18675.0
-2;63600;AMETHYSTS;9995;21;;;;;10005;21;;;;;10000.0;-13494.0
-2;63700;STARFRUIT;4983;8;4982;30;;;4989;30;;;;;4986.0;-18681.453125
-2;63700;AMETHYSTS;9996;2;9995;28;;;10002;6;10004;2;10005;28;9999.0;-13599.0
-2;63800;AMETHYSTS;9996;1;9995;21;;;10004;1;10005;21;;;10000.0;-13611.0
-2;63800;STARFRUIT;4982;21;;;;;4987;7;4989;22;;;4984.5;-18702.40625
-2;63900;STARFRUIT;4982;21;;;;;4987;6;4989;21;;;4984.5;-18779.5078125
-2;63900;AMETHYSTS;9995;21;;;;;10005;21;;;;;10000.0;-13615.0
-2;64000;STARFRUIT;4982;30;;;;;4989;30;;;;;4985.5;-18785.85546875
-2;64000;AMETHYSTS;9998;6;9995;30;;;10005;30;;;;;10001.5;-13720.0
-2;64100;STARFRUIT;4982;27;;;;;4989;27;;;;;4985.5;-18787.046875
-2;64100;AMETHYSTS;9995;27;;;;;10002;6;10005;27;;;9998.5;-13870.0
-2;64200;AMETHYSTS;9996;1;9995;24;;;10004;1;10005;24;;;10000.0;-14005.0
-2;64200;STARFRUIT;4982;25;;;;;4988;1;4989;24;;;4985.0;-18785.763671875
-2;64300;STARFRUIT;4982;23;;;;;4989;23;;;;;4985.5;-18789.7578125
-2;64300;AMETHYSTS;9998;7;9996;1;9995;22;10004;1;10005;22;;;10001.0;-14009.0
-2;64400;STARFRUIT;4983;4;4982;27;;;4989;29;;;;;4986.0;-18862.1484375
-2;64400;AMETHYSTS;9998;8;9996;2;9995;27;10004;2;10005;27;;;10001.0;-14013.0
-2;64500;STARFRUIT;4983;2;4982;27;;;4987;6;4989;29;;;4985.0;-18876.078125
-2;64500;AMETHYSTS;9998;5;9996;2;9995;27;10004;2;10005;27;;;10001.0;-14021.0
-2;64600;AMETHYSTS;9995;26;;;;;10005;26;;;;;10000.0;-14029.0
-2;64600;STARFRUIT;4982;26;;;;;4989;26;;;;;4985.5;-18885.01171875
-2;64700;STARFRUIT;4982;28;;;;;4989;28;;;;;4985.5;-18978.00390625
-2;64700;AMETHYSTS;9995;28;;;;;10005;28;;;;;10000.0;-14159.0
-2;64800;STARFRUIT;4983;2;4982;30;;;4989;32;;;;;4986.0;-19067.4609375
-2;64800;AMETHYSTS;9996;2;9995;30;;;10004;2;10005;30;;;10000.0;-14299.0
-2;64900;STARFRUIT;4983;2;4982;29;;;4987;3;4989;31;;;4985.0;-19073.42578125
-2;64900;AMETHYSTS;9996;2;9995;29;;;10004;2;10005;29;;;10000.0;-14307.0
-2;65000;AMETHYSTS;9995;25;;;;;9998;1;10005;25;;;9996.5;-14315.0
-2;65000;STARFRUIT;4983;25;;;;;4990;25;;;;;4986.5;-19078.7578125
-2;65100;STARFRUIT;4983;25;;;;;4989;2;4990;23;;;4986.0;-19154.1484375
-2;65100;AMETHYSTS;9996;2;9995;23;;;10004;2;10005;23;;;10000.0;-14313.0
-2;65200;STARFRUIT;4988;1;4983;29;;;4990;29;;;;;4989.0;-19161.6015625
-2;65200;AMETHYSTS;9998;8;9995;29;;;10005;29;;;;;10001.5;-14321.0
-2;65300;STARFRUIT;4983;21;;;;;4988;2;4990;21;;;4985.5;-19269.5
-2;65300;AMETHYSTS;9995;21;;;;;10002;3;10005;21;;;9998.5;-14321.0
-2;65400;AMETHYSTS;9996;2;9995;26;;;10000;3;10004;2;10005;26;9998.0;-14327.0
-2;65400;STARFRUIT;4983;28;;;;;4986;3;4989;2;4990;26;4984.5;-19339.404296875
-2;65500;STARFRUIT;4983;9;4982;27;;;4989;29;;;;;4986.0;-19338.908203125
-2;65500;AMETHYSTS;9996;2;9995;27;;;10004;2;10005;27;;;10000.0;-14327.0
-2;65600;STARFRUIT;4982;20;;;;;4989;20;;;;;4985.5;-19338.92578125
-2;65600;AMETHYSTS;9998;5;9995;20;;;10005;20;;;;;10001.5;-14335.0
-2;65700;STARFRUIT;4982;29;;;;;4989;29;;;;;4985.5;-19405.46875
-2;65700;AMETHYSTS;9995;29;;;;;10005;29;;;;;10000.0;-14345.0
-2;65800;AMETHYSTS;9998;9;9995;20;;;10005;20;;;;;10001.5;-14345.0
-2;65800;STARFRUIT;4982;20;;;;;4987;7;4989;20;;;4984.5;-19512.12890625
-2;65900;STARFRUIT;4983;6;4982;23;;;4989;24;;;;;4986.0;-19521.775390625
-2;65900;AMETHYSTS;9996;1;9995;23;;;10004;1;10005;23;;;10000.0;-14445.0
-2;66000;STARFRUIT;4983;2;4982;22;;;4989;24;;;;;4986.0;-19521.748046875
-2;66000;AMETHYSTS;9998;4;9996;2;9995;22;10004;2;10005;22;;;10001.0;-14449.0
-2;66100;STARFRUIT;4982;27;;;;;4989;27;;;;;4985.5;-19521.025390625
-2;66100;AMETHYSTS;9996;1;9995;26;;;9998;1;10004;1;10005;26;9997.0;-14457.0
-2;66200;AMETHYSTS;10002;1;10000;5;9995;20;10005;20;;;;;10003.5;-14461.0
-2;66200;STARFRUIT;4985;5;4982;20;;;4989;20;;;;;4987.0;-19520.09765625
-2;66300;STARFRUIT;4988;1;4984;2;4983;25;4989;1;4990;24;;;4988.5;-19580.96875
-2;66300;AMETHYSTS;9996;1;9995;24;;;10004;1;10005;24;;;10000.0;-14459.0
-2;66400;STARFRUIT;4983;21;;;;;4990;21;;;;;4986.5;-19573.4609375
-2;66400;AMETHYSTS;9995;21;;;;;9998;3;10005;21;;;9996.5;-14463.0
-2;66500;STARFRUIT;4983;2;4982;20;;;4989;22;;;;;4986.0;-19642.81640625
-2;66500;AMETHYSTS;9996;2;9995;20;;;10004;2;10005;20;;;10000.0;-14568.0
-2;66600;AMETHYSTS;9995;22;;;;;10005;22;;;;;10000.0;-14576.0
-2;66600;STARFRUIT;4982;22;;;;;4987;3;4989;22;;;4984.5;-19715.3203125
-2;66700;STARFRUIT;4983;27;;;;;4990;27;;;;;4986.5;-19798.859375
-2;66700;AMETHYSTS;9998;9;9995;27;;;10005;27;;;;;10001.5;-14686.0
-2;66800;STARFRUIT;4983;30;;;;;4990;30;;;;;4986.5;-19801.859375
-2;66800;AMETHYSTS;9995;30;;;;;10005;30;;;;;10000.0;-14704.0
-2;66900;STARFRUIT;4989;1;4985;4;4984;23;4991;23;;;;;4990.0;-19802.109375
-2;66900;AMETHYSTS;9998;4;9995;23;;;10005;23;;;;;10001.5;-14704.0
-2;67000;AMETHYSTS;9996;1;9995;24;;;10004;1;10005;24;;;10000.0;-14712.0
-2;67000;STARFRUIT;4984;25;;;;;4991;25;;;;;4987.5;-19885.34375
-2;67100;STARFRUIT;4983;23;;;;;4990;23;;;;;4986.5;-19968.22265625
-2;67100;AMETHYSTS;9995;23;;;;;10005;23;;;;;10000.0;-14716.0
-2;67200;STARFRUIT;4984;1;4983;20;;;4990;22;;;;;4987.0;-20039.7734375
-2;67200;AMETHYSTS;9996;2;9995;20;;;10002;3;10004;2;10005;20;9999.0;-14716.0
-2;67300;STARFRUIT;4985;1;4984;30;;;4991;30;;;;;4988.0;-20038.2578125
-2;67300;AMETHYSTS;9995;30;;;;;9998;3;10005;30;;;9996.5;-14722.0
-2;67400;AMETHYSTS;9998;4;9996;1;9995;25;10004;1;10005;25;;;10001.0;-14722.0
-2;67400;STARFRUIT;4983;26;;;;;4990;26;;;;;4986.5;-20050.796875
-2;67500;STARFRUIT;4983;20;;;;;4990;21;;;;;4986.5;-20136.5703125
-2;67500;AMETHYSTS;9995;21;;;;;10005;21;;;;;10000.0;-14730.0
-2;67600;STARFRUIT;4983;27;;;;;4990;27;;;;;4986.5;-20215.03125
-2;67600;AMETHYSTS;9996;2;9995;25;;;10004;2;10005;25;;;10000.0;-14835.0
-2;67700;AMETHYSTS;9996;1;9995;29;;;10004;1;10005;29;;;10000.0;-14843.0
-2;67700;STARFRUIT;4984;4;4983;29;;;4990;30;;;;;4987.0;-20316.0234375
-2;67800;STARFRUIT;4984;8;4983;30;;;4990;30;;;;;4987.0;-20412.16015625
-2;67800;AMETHYSTS;9998;3;9995;30;;;10005;30;;;;;10001.5;-14847.0
-2;67900;STARFRUIT;4983;25;;;;;4990;25;;;;;4986.5;-20432.9296875
-2;67900;AMETHYSTS;9995;25;;;;;10005;25;;;;;10000.0;-14853.0
-2;68000;STARFRUIT;4984;23;;;;;4991;23;;;;;4987.5;-20430.38671875
-2;68000;AMETHYSTS;9996;2;9995;21;;;10004;2;10005;21;;;10000.0;-14978.0
-2;68100;AMETHYSTS;9996;2;9995;29;;;10004;2;10005;29;;;10000.0;-14986.0
-2;68100;STARFRUIT;4984;31;;;;;4989;4;4990;2;4991;29;4986.5;-20505.7578125
-2;68200;STARFRUIT;4989;1;4983;31;;;4990;31;;;;;4989.5;-20504.796875
-2;68200;AMETHYSTS;9996;2;9995;29;;;10004;2;10005;29;;;10000.0;-14994.0
-2;68300;STARFRUIT;4989;1;4983;29;;;4990;29;;;;;4989.5;-20606.8828125
-2;68300;AMETHYSTS;9996;1;9995;28;;;10004;1;10005;28;;;10000.0;-15002.0
-2;68400;STARFRUIT;4983;28;;;;;4990;28;;;;;4986.5;-20606.9375
-2;68400;AMETHYSTS;9996;2;9995;26;;;10004;2;10005;26;;;10000.0;-15006.0
-2;68500;AMETHYSTS;9995;23;;;;;10002;5;10005;23;;;9998.5;-15014.0
-2;68500;STARFRUIT;4984;23;;;;;4991;23;;;;;4987.5;-20712.69921875
-2;68600;STARFRUIT;4984;24;;;;;4990;1;4991;24;;;4987.0;-20802.83203125
-2;68600;AMETHYSTS;9996;1;9995;24;;;10004;1;10005;24;;;10000.0;-15024.0
-2;68700;STARFRUIT;4984;1;4983;27;;;4990;28;;;;;4987.0;-20873.1640625
-2;68700;AMETHYSTS;9996;1;9995;27;;;10004;1;10005;27;;;10000.0;-15028.0
-2;68800;STARFRUIT;4984;22;;;;;4991;22;;;;;4987.5;-20949.4921875
-2;68800;AMETHYSTS;9995;22;;;;;9998;1;10005;22;;;9996.5;-15032.0
-2;68900;AMETHYSTS;9996;1;9995;27;;;10004;1;10005;27;;;10000.0;-15030.0
-2;68900;STARFRUIT;4990;1;4984;28;;;4991;28;;;;;4990.5;-21030.40625
-2;69000;STARFRUIT;4984;30;;;;;4991;30;;;;;4987.5;-21123.2421875
-2;69000;AMETHYSTS;9996;2;9995;28;;;10004;2;10005;28;;;10000.0;-15034.0
-2;69100;STARFRUIT;4985;31;;;;;4986;1;4991;31;;;4985.5;-21238.05859375
-2;69100;AMETHYSTS;9998;9;9996;1;9995;30;10004;1;10005;30;;;10001.0;-15042.0
-2;69200;STARFRUIT;4990;1;4989;2;4985;30;4992;30;;;;;4991.0;-21238.84765625
-2;69200;AMETHYSTS;9996;2;9995;28;;;10004;2;10005;28;;;10000.0;-15060.0
-2;69300;AMETHYSTS;9995;21;;;;;9998;1;10005;21;;;9996.5;-15068.0
-2;69300;STARFRUIT;4990;1;4985;21;;;4992;21;;;;;4991.0;-21239.4609375
-2;69400;STARFRUIT;4985;26;;;;;4992;26;;;;;4988.5;-21312.59375
-2;69400;AMETHYSTS;10002;1;9998;2;9996;1;10004;1;10005;25;;;10003.0;-15066.0
-2;69500;STARFRUIT;4986;6;4985;26;;;4992;26;;;;;4989.0;-21406.25
-2;69500;AMETHYSTS;9998;1;9996;2;9995;24;10004;2;10005;24;;;10001.0;-15070.0
-2;69600;STARFRUIT;4985;22;;;;;4992;23;;;;;4988.5;-21501.70703125
-2;69600;AMETHYSTS;9995;23;;;;;10005;23;;;;;10000.0;-15078.0
-2;69700;AMETHYSTS;10002;1;9996;1;9995;20;10004;1;10005;20;;;10003.0;-15078.0
-2;69700;STARFRUIT;4985;1;4984;20;;;4991;21;;;;;4988.0;-21567.359375
-2;69800;STARFRUIT;4985;1;4984;23;;;4991;24;;;;;4988.0;-21632.578125
-2;69800;AMETHYSTS;9996;1;9995;23;;;10004;1;10005;23;;;10000.0;-15082.0
-2;69900;AMETHYSTS;9996;2;9995;27;;;10004;2;10005;27;;;10000.0;-15086.0
-2;69900;STARFRUIT;4985;2;4984;27;;;4991;29;;;;;4988.0;-21636.1484375
-2;70000;AMETHYSTS;9996;2;9995;27;;;10004;2;10005;27;;;10000.0;-15094.0
-2;70000;STARFRUIT;4985;2;4984;27;;;4991;29;;;;;4988.0;-21641.29296875
-2;70100;AMETHYSTS;9996;2;9995;22;;;10004;2;10005;22;;;10000.0;-15102.0
-2;70100;STARFRUIT;4984;24;;;;;4985;1;4991;24;;;4984.5;-21648.46484375
-2;70200;STARFRUIT;4985;22;;;;;4991;1;4992;21;;;4988.0;-21744.0546875
-2;70200;AMETHYSTS;9996;1;9995;21;;;10004;1;10005;21;;;10000.0;-15110.0
-2;70300;AMETHYSTS;9996;1;9995;25;;;9998;2;10004;1;10005;25;9997.0;-15114.0
-2;70300;STARFRUIT;4985;26;;;;;4992;26;;;;;4988.5;-21757.515625
-2;70400;AMETHYSTS;9995;26;;;;;10005;26;;;;;10000.0;-15110.0
-2;70400;STARFRUIT;4984;26;;;;;4989;6;4991;26;;;4986.5;-21850.25390625
-2;70500;AMETHYSTS;9995;23;;;;;10000;3;10005;23;;;9997.5;-15110.0
-2;70500;STARFRUIT;4984;23;;;;;4987;3;4989;3;4991;23;4985.5;-21950.6875
-2;70600;STARFRUIT;4985;6;4984;28;;;4991;28;;;;;4988.0;-21944.125
-2;70600;AMETHYSTS;9996;1;9995;27;;;10004;1;10005;27;;;10000.0;-15110.0
-2;70700;AMETHYSTS;9995;26;;;;;10005;26;;;;;10000.0;-15114.0
-2;70700;STARFRUIT;4983;26;;;;;4990;26;;;;;4986.5;-22054.3828125
-2;70800;AMETHYSTS;10002;1;9995;27;;;10005;27;;;;;10003.5;-15114.0
-2;70800;STARFRUIT;4983;27;;;;;4984;1;4990;27;;;4983.5;-22148.4765625
-2;70900;AMETHYSTS;9996;2;9995;30;;;10004;2;10005;30;;;10000.0;-15112.0
-2;70900;STARFRUIT;4983;32;;;;;4990;32;;;;;4986.5;-22143.0546875
-2;71000;STARFRUIT;4983;30;;;;;4990;30;;;;;4986.5;-22141.40625
-2;71000;AMETHYSTS;9996;1;9995;29;;;10002;5;10004;1;10005;29;9999.0;-15120.0
-2;71100;AMETHYSTS;9998;9;9996;1;9995;21;10004;1;10005;21;;;10001.0;-15124.0
-2;71100;STARFRUIT;4983;22;;;;;4989;1;4990;21;;;4986.0;-22257.0546875
-2;71200;AMETHYSTS;10002;1;9996;1;9995;28;10004;1;10005;28;;;10003.0;-15142.0
-2;71200;STARFRUIT;4983;28;;;;;4990;29;;;;;4986.5;-22325.443359375
-2;71300;AMETHYSTS;9996;2;9995;26;;;10002;4;10004;2;10005;26;9999.0;-15146.0
-2;71300;STARFRUIT;4984;2;4983;26;;;4988;4;4990;28;;;4986.0;-22326.91796875
-2;71400;STARFRUIT;4984;26;;;;;4990;2;4991;24;;;4987.0;-22330.91796875
-2;71400;AMETHYSTS;9996;2;9995;24;;;10002;3;10004;2;10005;24;9999.0;-15154.0
-2;71500;AMETHYSTS;10002;1;9996;2;9995;26;10004;2;10005;26;;;10003.0;-15160.0
-2;71500;STARFRUIT;4984;28;;;;;4985;3;4991;28;;;4984.5;-22330.64453125
-2;71600;AMETHYSTS;9996;1;9995;27;;;9998;3;10004;1;10005;27;9997.0;-15168.0
-2;71600;STARFRUIT;4984;28;;;;;4991;28;;;;;4987.5;-22330.689453125
-2;71700;AMETHYSTS;9996;2;9995;29;;;10004;2;10005;29;;;10000.0;-15172.0
-2;71700;STARFRUIT;4984;31;;;;;4989;4;4991;31;;;4986.5;-22330.634765625
-2;71800;STARFRUIT;4984;27;;;;;4990;2;4991;25;;;4987.0;-22330.9296875
-2;71800;AMETHYSTS;10002;1;9996;2;9995;25;10004;2;10005;25;;;10003.0;-15180.0
-2;71900;AMETHYSTS;10002;1;9996;1;9995;25;10004;1;10005;25;;;10003.0;-15188.0
-2;71900;STARFRUIT;4984;26;;;;;4990;1;4991;25;;;4987.0;-22330.91796875
-2;72000;AMETHYSTS;9996;1;9995;20;;;10004;1;10005;20;;;10000.0;-15186.0
-2;72000;STARFRUIT;4984;1;4983;20;;;4988;6;4990;21;;;4986.0;-22331.201171875
-2;72100;AMETHYSTS;9995;21;;;;;10005;21;;;;;10000.0;-15190.0
-2;72100;STARFRUIT;4983;21;;;;;4988;5;4990;21;;;4985.5;-22334.0
-2;72200;STARFRUIT;4988;3;4984;31;;;4991;31;;;;;4989.5;-22337.62890625
-2;72200;AMETHYSTS;9996;2;9995;29;;;10004;2;10005;29;;;10000.0;-15295.0
-2;72300;STARFRUIT;4984;23;;;;;4991;23;;;;;4987.5;-22335.20703125
-2;72300;AMETHYSTS;9996;1;9995;22;;;10002;8;10004;1;10005;22;9999.0;-15303.0
-2;72400;AMETHYSTS;10002;1;9996;2;9995;20;10004;2;10005;20;;;10003.0;-15319.0
