day,timestamp,product,bid_price_1,bid_volume_1,bid_price_2,bid_volume_2,bid_price_3,bid_volume_3,ask_price_1,ask_volume_1,ask_price_2,ask_volume_2,ask_price_3,ask_volume_3,mid_price,profit_and_loss,avg_price
-2,0,STARFRUIT,5002,1,4997.0,31.0,0.0,0.0,5003,31,0.0,0.0,0.0,0.0,5002.5,0.0,5000.0317460317465
-2,100,STARFRUIT,4997,24,0.0,0.0,0.0,0.0,5003,2,5004.0,22.0,0.0,0.0,5000.0,0.0,5000.458333333333
-2,200,STARFRUIT,4997,2,4996.0,20.0,0.0,0.0,5003,20,0.0,0.0,0.0,0.0,5000.0,0.0,4999.380952380952
-2,300,STARFRUIT,4996,31,0.0,0.0,0.0,0.0,5003,31,0.0,0.0,0.0,0.0,4999.5,0.0,4999.5
-2,400,STARFRUIT,4995,27,0.0,0.0,0.0,0.0,5002,27,0.0,0.0,0.0,0.0,4998.5,0.0,4998.5
-2,500,STARFRUIT,4996,30,0.0,0.0,0.0,0.0,5003,30,0.0,0.0,0.0,0.0,4999.5,0.0,4999.5
-2,600,STARFRUIT,4999,5,4997.0,6.0,4996.0,25.0,5003,25,0.0,0.0,0.0,0.0,5001.0,0.0,4999.213114754099
-2,700,STARFRUIT,4997,2,4996.0,23.0,0.0,0.0,5003,23,0.0,0.0,0.0,0.0,5000.0,0.0,4999.395833333333
-2,800,STARFRUIT,4997,30,0.0,0.0,0.0,0.0,5003,1,5004.0,29.0,0.0,0.0,5000.0,0.0,5000.483333333334
-2,900,STARFRUIT,4997,23,0.0,0.0,0.0,0.0,5003,1,5004.0,22.0,0.0,0.0,5000.0,0.0,5000.478260869565
-2,1000,STARFRUIT,4996,26,0.0,0.0,0.0,0.0,5001,6,5003.0,26.0,0.0,0.0,4998.5,0.0,4999.6551724137935
-2,1100,STARFRUIT,4998,6,4997.0,26.0,0.0,0.0,5004,26,0.0,0.0,0.0,0.0,5001.0,0.0,5000.241379310345
-2,1200,STARFRUIT,4997,21,0.0,0.0,0.0,0.0,5002,8,5004.0,21.0,0.0,0.0,4999.5,0.0,5000.74
-2,1300,STARFRUIT,4997,31,0.0,0.0,0.0,0.0,5003,1,5004.0,30.0,0.0,0.0,5000.0,0.0,5000.4838709677415
-2,1400,STARFRUIT,4997,3,4996.0,25.0,0.0,0.0,5003,26,0.0,0.0,0.0,0.0,5000.0,0.0,4999.425925925926
-2,1500,STARFRUIT,4996,27,0.0,0.0,0.0,0.0,5003,27,0.0,0.0,0.0,0.0,4999.5,0.0,4999.5
-2,1600,STARFRUIT,4996,29,0.0,0.0,0.0,0.0,5001,4,5003.0,29.0,0.0,0.0,4998.5,0.0,4999.596774193548
-2,1700,STARFRUIT,4997,22,0.0,0.0,0.0,0.0,5002,8,5003.0,2.0,5004.0,20.0,4999.5,0.0,5000.692307692308
-2,1800,STARFRUIT,4997,1,4996.0,22.0,0.0,0.0,5003,23,0.0,0.0,0.0,0.0,5000.0,9.94921875,4999.521739130435
-2,1900,STARFRUIT,4997,1,4996.0,28.0,0.0,0.0,5001,5,5003.0,29.0,0.0,0.0,4999.0,9.5,4999.6349206349205
-2,2000,STARFRUIT,4996,26,0.0,0.0,0.0,0.0,5003,26,0.0,0.0,0.0,0.0,4999.5,12.7109375,4999.5
-2,2100,STARFRUIT,4997,2,4996.0,25.0,0.0,0.0,5003,27,0.0,0.0,0.0,0.0,5000.0,9.69921875,4999.537037037037
-2,2200,STARFRUIT,4997,1,4996.0,24.0,0.0,0.0,5001,7,5003.0,25.0,0.0,0.0,4999.0,9.03125,4999.701754385965
-2,2300,STARFRUIT,4997,32,0.0,0.0,0.0,0.0,5003,2,5004.0,30.0,0.0,0.0,5000.0,7.8515625,5000.46875
-2,2400,STARFRUIT,4997,28,0.0,0.0,0.0,0.0,5004,29,0.0,0.0,0.0,0.0,5000.5,6.390625,5000.561403508772
-2,2500,STARFRUIT,4997,3,4996.0,22.0,0.0,0.0,5003,23,0.0,0.0,0.0,0.0,5000.0,10.01953125,4999.416666666667
-2,2600,STARFRUIT,4998,3,4997.0,23.0,0.0,0.0,5004,23,0.0,0.0,0.0,0.0,5001.0,7.21875,5000.34693877551
-2,2700,STARFRUIT,4998,26,0.0,0.0,0.0,0.0,5005,26,0.0,0.0,0.0,0.0,5001.5,-0.1484375,5001.5
-2,2800,STARFRUIT,4997,25,0.0,0.0,0.0,0.0,5004,25,0.0,0.0,0.0,0.0,5000.5,5.734375,5000.5
-2,2900,STARFRUIT,4996,26,0.0,0.0,0.0,0.0,5003,26,0.0,0.0,0.0,0.0,4999.5,11.94140625,4999.5
-2,3000,STARFRUIT,4997,3,4996.0,26.0,0.0,0.0,5003,26,0.0,0.0,0.0,0.0,5000.0,17.34375,4999.363636363636
-2,3100,STARFRUIT,4996,26,0.0,0.0,0.0,0.0,5001,5,5003.0,26.0,0.0,0.0,4998.5,16.9296875,4999.631578947368
-2,3200,STARFRUIT,4996,23,0.0,0.0,0.0,0.0,5001,3,5003.0,23.0,0.0,0.0,4998.5,21.33984375,4999.591836734694
-2,3300,STARFRUIT,4997,2,4996.0,30.0,0.0,0.0,5001,2,5003.0,32.0,0.0,0.0,4999.0,23.6796875,4999.575757575758
-2,3400,STARFRUIT,4997,26,0.0,0.0,0.0,0.0,5003,2,5004.0,24.0,0.0,0.0,5000.0,21.9609375,5000.461538461538
-2,3500,STARFRUIT,4997,26,0.0,0.0,0.0,0.0,5004,26,0.0,0.0,0.0,0.0,5000.5,21.458984375,5000.5
-2,3600,STARFRUIT,4997,21,0.0,0.0,0.0,0.0,5004,21,0.0,0.0,0.0,0.0,5000.5,20.78515625,5000.5
-2,3700,STARFRUIT,4998,3,4997.0,24.0,0.0,0.0,5004,24,0.0,0.0,0.0,0.0,5001.0,21.1953125,5000.35294117647
-2,3800,STARFRUIT,4997,25,0.0,0.0,0.0,0.0,5004,25,0.0,0.0,0.0,0.0,5000.5,19.125,5000.5
-2,3900,STARFRUIT,4998,2,4997.0,26.0,0.0,0.0,5003,1,5004.0,25.0,0.0,0.0,5000.5,54.75390625,5000.388888888889
-2,4000,STARFRUIT,4997,32,0.0,0.0,0.0,0.0,5003,2,5004.0,30.0,0.0,0.0,5000.0,53.234375,5000.46875
-2,4100,STARFRUIT,4997,29,0.0,0.0,0.0,0.0,5003,2,5004.0,27.0,0.0,0.0,5000.0,54.09765625,5000.4655172413795
-2,4200,STARFRUIT,4998,2,4997.0,24.0,0.0,0.0,5004,26,0.0,0.0,0.0,0.0,5001.0,60.55078125,5000.538461538462
-2,4300,STARFRUIT,4998,7,4997.0,22.0,0.0,0.0,5000,5,5004.0,22.0,0.0,0.0,4999.0,57.8046875,5000.142857142857
-2,4400,STARFRUIT,4997,30,0.0,0.0,0.0,0.0,5004,30,0.0,0.0,0.0,0.0,5000.5,53.92578125,5000.5
-2,4500,STARFRUIT,4996,28,0.0,0.0,0.0,0.0,5003,29,0.0,0.0,0.0,0.0,4999.5,51.8984375,4999.561403508772
-2,4600,STARFRUIT,4997,30,0.0,0.0,0.0,0.0,5004,30,0.0,0.0,0.0,0.0,5000.5,55.3671875,5000.5
-2,4700,STARFRUIT,4997,32,0.0,0.0,0.0,0.0,4998,7,5002.0,3.0,5003.0,2.0,4997.5,54.515625,4997.772727272727
-2,4800,STARFRUIT,4997,24,0.0,0.0,0.0,0.0,5004,24,0.0,0.0,0.0,0.0,5000.5,78.125,5000.5
-2,4900,STARFRUIT,4996,22,0.0,0.0,0.0,0.0,5003,22,0.0,0.0,0.0,0.0,4999.5,72.28125,4999.5
-2,5000,STARFRUIT,4997,30,0.0,0.0,0.0,0.0,5004,30,0.0,0.0,0.0,0.0,5000.5,78.5625,5000.5
-2,5100,STARFRUIT,4998,7,4997.0,30.0,0.0,0.0,5004,31,0.0,0.0,0.0,0.0,5001.0,84.328125,5000.294117647059
-2,5200,STARFRUIT,4998,8,4997.0,27.0,0.0,0.0,5003,1,5004.0,26.0,0.0,0.0,5000.5,76.3984375,5000.1612903225805
-2,5300,STARFRUIT,5002,1,4997.0,21.0,0.0,0.0,5004,21,0.0,0.0,0.0,0.0,5003.0,77.2421875,5000.53488372093
-2,5400,STARFRUIT,4997,21,0.0,0.0,0.0,0.0,5002,6,5004.0,21.0,0.0,0.0,4999.5,85.2265625,5000.6875
-2,5500,STARFRUIT,4997,27,0.0,0.0,0.0,0.0,5004,27,0.0,0.0,0.0,0.0,5000.5,85.67578125,5000.5
-2,5600,STARFRUIT,5002,2,4998.0,28.0,0.0,0.0,5005,28,0.0,0.0,0.0,0.0,5003.5,90.84375,5001.517241379311
-2,5700,STARFRUIT,4999,26,0.0,0.0,0.0,0.0,5006,27,0.0,0.0,0.0,0.0,5002.5,102.80859375,5002.566037735849
-2,5800,STARFRUIT,4999,31,0.0,0.0,0.0,0.0,5006,31,0.0,0.0,0.0,0.0,5002.5,104.00390625,5002.5
-2,5900,STARFRUIT,5000,5,4999.0,30.0,0.0,0.0,5005,2,5006.0,28.0,0.0,0.0,5002.5,102.76171875,5002.276923076923
-2,6000,STARFRUIT,4998,30,0.0,0.0,0.0,0.0,5005,30,0.0,0.0,0.0,0.0,5001.5,99.37109375,5001.5
-2,6100,STARFRUIT,4999,24,0.0,0.0,0.0,0.0,5005,1,5006.0,24.0,0.0,0.0,5002.0,102.203125,5002.551020408163
-2,6200,STARFRUIT,4999,22,0.0,0.0,0.0,0.0,5005,1,5006.0,21.0,0.0,0.0,5002.0,101.33203125,5002.477272727273
-2,6300,STARFRUIT,4999,7,4998.0,23.0,0.0,0.0,5005,25,0.0,0.0,0.0,0.0,5002.0,100.54296875,5001.309090909091
-2,6400,STARFRUIT,4999,1,4998.0,24.0,0.0,0.0,5005,25,0.0,0.0,0.0,0.0,5002.0,100.0703125,5001.52
-2,6500,STARFRUIT,4999,27,0.0,0.0,0.0,0.0,5005,1,5006.0,26.0,0.0,0.0,5002.0,102.9140625,5002.481481481482
-2,6600,STARFRUIT,4998,26,0.0,0.0,0.0,0.0,5005,26,0.0,0.0,0.0,0.0,5001.5,98.2265625,5001.5
-2,6700,STARFRUIT,4999,7,4998.0,20.0,0.0,0.0,5005,20,0.0,0.0,0.0,0.0,5002.0,91.515625,5001.127659574468
-2,6800,STARFRUIT,4997,32,0.0,0.0,0.0,0.0,5002,8,5003.0,2.0,5004.0,30.0,4999.5,80.8359375,5000.638888888889
-2,6900,STARFRUIT,4997,27,0.0,0.0,0.0,0.0,5002,1,5004.0,27.0,0.0,0.0,4999.5,86.078125,5000.527272727273
-2,7000,STARFRUIT,5002,4,4997.0,27.0,0.0,0.0,5004,27,0.0,0.0,0.0,0.0,5003.0,86.39453125,5000.603448275862
-2,7100,STARFRUIT,4998,30,0.0,0.0,0.0,0.0,5005,30,0.0,0.0,0.0,0.0,5001.5,97.3671875,5001.5
-2,7200,STARFRUIT,4998,28,0.0,0.0,0.0,0.0,5005,28,0.0,0.0,0.0,0.0,5001.5,97.345703125,5001.5
-2,7300,STARFRUIT,4998,6,4997.0,29.0,0.0,0.0,5004,31,0.0,0.0,0.0,0.0,5001.0,95.861328125,5000.378787878788
-2,7400,STARFRUIT,4998,22,0.0,0.0,0.0,0.0,5004,1,5005.0,22.0,0.0,0.0,5001.0,100.486328125,5001.555555555556
-2,7500,STARFRUIT,4998,25,0.0,0.0,0.0,0.0,5005,25,0.0,0.0,0.0,0.0,5001.5,100.392578125,5001.5
-2,7600,STARFRUIT,4997,22,0.0,0.0,0.0,0.0,5004,22,0.0,0.0,0.0,0.0,5000.5,98.8896484375,5000.5
-2,7700,STARFRUIT,4997,21,0.0,0.0,0.0,0.0,5004,22,0.0,0.0,0.0,0.0,5000.5,97.830078125,5000.581395348837
-2,7800,STARFRUIT,4998,1,4997.0,22.0,0.0,0.0,5004,23,0.0,0.0,0.0,0.0,5001.0,99.939453125,5000.521739130435
-2,7900,STARFRUIT,4999,4,4998.0,27.0,0.0,0.0,5004,1,5005.0,26.0,0.0,0.0,5001.5,100.3603515625,5001.310344827586
-2,8000,STARFRUIT,4998,27,0.0,0.0,0.0,0.0,5003,8,5005.0,27.0,0.0,0.0,5000.5,100.85546875,5001.693548387097
-2,8100,STARFRUIT,4998,23,0.0,0.0,0.0,0.0,5004,1,5005.0,22.0,0.0,0.0,5001.0,100.5234375,5001.478260869565
-2,8200,STARFRUIT,4997,23,0.0,0.0,0.0,0.0,5002,1,5004.0,23.0,0.0,0.0,4999.5,99.697265625,5000.531914893617
-2,8300,STARFRUIT,4998,30,0.0,0.0,0.0,0.0,5005,30,0.0,0.0,0.0,0.0,5001.5,100.759765625,5001.5
-2,8400,STARFRUIT,4998,28,0.0,0.0,0.0,0.0,5005,28,0.0,0.0,0.0,0.0,5001.5,100.6328125,5001.5
-2,8500,STARFRUIT,4998,2,4997.0,29.0,0.0,0.0,5004,31,0.0,0.0,0.0,0.0,5001.0,99.7216796875,5000.532258064516
-2,8600,STARFRUIT,4997,22,0.0,0.0,0.0,0.0,5004,23,0.0,0.0,0.0,0.0,5000.5,99.55859375,5000.577777777778
-2,8700,STARFRUIT,4997,27,0.0,0.0,0.0,0.0,5002,4,5004.0,27.0,0.0,0.0,4999.5,98.474609375,5000.603448275862
-2,8800,STARFRUIT,4998,7,4997.0,25.0,0.0,0.0,5004,25,0.0,0.0,0.0,0.0,5001.0,98.69921875,5000.19298245614
-2,8900,STARFRUIT,4999,1,4998.0,26.0,0.0,0.0,5005,26,0.0,0.0,0.0,0.0,5002.0,100.046875,5001.452830188679
-2,9000,STARFRUIT,4997,31,0.0,0.0,0.0,0.0,5004,31,0.0,0.0,0.0,0.0,5000.5,99.044921875,5000.5
-2,9100,STARFRUIT,4998,29,0.0,0.0,0.0,0.0,5005,29,0.0,0.0,0.0,0.0,5001.5,100.75,5001.5
-2,9200,STARFRUIT,4997,27,0.0,0.0,0.0,0.0,5002,7,5004.0,27.0,0.0,0.0,4999.5,99.9501953125,5000.672131147541
-2,9300,STARFRUIT,4998,21,0.0,0.0,0.0,0.0,5004,1,5005.0,20.0,0.0,0.0,5001.0,100.130859375,5001.476190476191
-2,9400,STARFRUIT,4997,23,0.0,0.0,0.0,0.0,5004,23,0.0,0.0,0.0,0.0,5000.5,99.12890625,5000.5
-2,9500,STARFRUIT,4998,4,4997.0,31.0,0.0,0.0,5004,31,0.0,0.0,0.0,0.0,5001.0,98.8603515625,5000.348484848485
-2,9600,STARFRUIT,4997,31,0.0,0.0,0.0,0.0,5004,31,0.0,0.0,0.0,0.0,5000.5,98.9140625,5000.5
-2,9700,STARFRUIT,4997,22,0.0,0.0,0.0,0.0,5004,22,0.0,0.0,0.0,0.0,5000.5,98.392578125,5000.5
-2,9800,STARFRUIT,4997,26,0.0,0.0,0.0,0.0,5004,26,0.0,0.0,0.0,0.0,5000.5,97.55078125,5000.5
-2,9900,STARFRUIT,5001,4,4996.0,25.0,0.0,0.0,5003,25,0.0,0.0,0.0,0.0,5002.0,96.73828125,4999.611111111111
-2,10000,STARFRUIT,4997,8,4996.0,28.0,0.0,0.0,5003,28,0.0,0.0,0.0,0.0,5000.0,95.75390625,4999.1875
-2,10100,STARFRUIT,4996,1,4995.0,24.0,0.0,0.0,5002,25,0.0,0.0,0.0,0.0,4999.0,93.875,4998.52
-2,10200,STARFRUIT,4996,2,4995.0,26.0,0.0,0.0,5002,28,0.0,0.0,0.0,0.0,4999.0,93.55859375,4998.535714285715
-2,10300,STARFRUIT,5001,1,4997.0,8.0,4996.0,27.0,5003,27,0.0,0.0,0.0,0.0,5002.0,94.03515625,4999.206349206349
-2,10400,STARFRUIT,4997,1,4996.0,29.0,0.0,0.0,5003,29,0.0,0.0,0.0,0.0,5000.0,96.74609375,4999.457627118644
-2,10500,STARFRUIT,4996,31,0.0,0.0,0.0,0.0,5003,31,0.0,0.0,0.0,0.0,4999.5,97.259765625,4999.5
-2,10600,STARFRUIT,4997,31,0.0,0.0,0.0,0.0,5000,4,5002.0,4.0,5004.0,31.0,4998.5,99.2158203125,5000.557142857143
-2,10700,STARFRUIT,4998,1,4997.0,28.0,0.0,0.0,5004,28,0.0,0.0,0.0,0.0,5001.0,99.46875,5000.456140350877
-2,10800,STARFRUIT,4998,3,4997.0,24.0,0.0,0.0,5004,24,0.0,0.0,0.0,0.0,5001.0,99.103515625,5000.35294117647
-2,10900,STARFRUIT,4999,7,4998.0,28.0,0.0,0.0,5005,28,0.0,0.0,0.0,0.0,5002.0,100.59375,5001.222222222223
-2,11000,STARFRUIT,5002,7,4997.0,24.0,0.0,0.0,5004,24,0.0,0.0,0.0,0.0,5003.0,99.7568359375,5000.690909090909
-2,11100,STARFRUIT,4998,21,0.0,0.0,0.0,0.0,5005,21,0.0,0.0,0.0,0.0,5001.5,105.681640625,5001.5
-2,11200,STARFRUIT,4998,2,4997.0,21.0,0.0,0.0,5004,23,0.0,0.0,0.0,0.0,5001.0,107.587890625,5000.54347826087
-2,11300,STARFRUIT,4999,3,4998.0,22.0,0.0,0.0,5004,1,5005.0,21.0,0.0,0.0,5001.5,106.88671875,5001.31914893617
-2,11400,STARFRUIT,4997,26,0.0,0.0,0.0,0.0,5003,1,5004.0,25.0,0.0,0.0,5000.0,110.8125,5000.4807692307695
-2,11500,STARFRUIT,4997,26,0.0,0.0,0.0,0.0,5002,8,5004.0,26.0,0.0,0.0,4999.5,114.2158203125,5000.7
-2,11600,STARFRUIT,4997,29,0.0,0.0,0.0,0.0,5004,29,0.0,0.0,0.0,0.0,5000.5,114.40625,5000.5
-2,11700,STARFRUIT,4997,23,0.0,0.0,0.0,0.0,4998,2,5003.0,2.0,5004.0,21.0,4997.5,115.56640625,5000.354166666667
-2,11800,STARFRUIT,4997,29,0.0,0.0,0.0,0.0,5000,4,5004.0,29.0,0.0,0.0,4998.5,119.1875,5000.467741935484
-2,11900,STARFRUIT,4998,32,0.0,0.0,0.0,0.0,5003,3,5004.0,2.0,5005.0,30.0,5000.5,123.349609375,5001.537313432836
-2,12000,STARFRUIT,4998,20,0.0,0.0,0.0,0.0,5005,20,0.0,0.0,0.0,0.0,5001.5,123.40234375,5001.5
-2,12100,STARFRUIT,4998,2,4997.0,25.0,0.0,0.0,5002,1,5004.0,27.0,0.0,0.0,5000.0,122.509765625,5000.563636363637
-2,12200,STARFRUIT,4998,6,4997.0,28.0,0.0,0.0,5004,30,0.0,0.0,0.0,0.0,5001.0,122.455078125,5000.375
-2,12300,STARFRUIT,4998,1,4997.0,28.0,0.0,0.0,5004,29,0.0,0.0,0.0,0.0,5001.0,122.2578125,5000.517241379311
-2,12400,STARFRUIT,4999,4,4998.0,26.0,0.0,0.0,5005,26,0.0,0.0,0.0,0.0,5002.0,123.1201171875,5001.321428571428
-2,12500,STARFRUIT,4998,19,0.0,0.0,0.0,0.0,5005,20,0.0,0.0,0.0,0.0,5001.5,163.7109375,5001.589743589743
-2,12600,STARFRUIT,4998,22,0.0,0.0,0.0,0.0,5005,22,0.0,0.0,0.0,0.0,5001.5,166.91015625,5001.5
-2,12700,STARFRUIT,4998,2,4997.0,20.0,0.0,0.0,5004,22,0.0,0.0,0.0,0.0,5001.0,169.546875,5000.545454545455
-2,12800,STARFRUIT,4997,22,0.0,0.0,0.0,0.0,5004,22,0.0,0.0,0.0,0.0,5000.5,172.1015625,5000.5
-2,12900,STARFRUIT,4998,7,4997.0,29.0,0.0,0.0,5003,1,5004.0,28.0,0.0,0.0,5000.5,178.5625,5000.215384615384
-2,13000,STARFRUIT,5002,1,4997.0,6.0,4996.0,20.0,5003,20,0.0,0.0,0.0,0.0,5002.5,181.3984375,4999.234042553191
-2,13100,STARFRUIT,4997,8,4996.0,25.0,0.0,0.0,5003,26,0.0,0.0,0.0,0.0,5000.0,184.0078125,4999.220338983051
-2,13200,STARFRUIT,4997,22,0.0,0.0,0.0,0.0,5002,5,5004.0,22.0,0.0,0.0,4999.5,180.4375,5000.65306122449
-2,13300,STARFRUIT,4998,6,4997.0,24.0,0.0,0.0,5004,24,0.0,0.0,0.0,0.0,5001.0,173.609375,5000.222222222223
-2,13400,STARFRUIT,4997,32,0.0,0.0,0.0,0.0,5004,32,0.0,0.0,0.0,0.0,5000.5,183.1640625,5000.5
-2,13500,STARFRUIT,4997,30,0.0,0.0,0.0,0.0,5002,8,5004.0,30.0,0.0,0.0,4999.5,179.8828125,5000.676470588235
-2,13600,STARFRUIT,4997,24,0.0,0.0,0.0,0.0,5002,3,5004.0,25.0,0.0,0.0,4999.5,182.546875,5000.653846153846
-2,13700,STARFRUIT,4999,4,4998.0,21.0,0.0,0.0,5004,1,5005.0,20.0,0.0,0.0,5001.5,170.15625,5001.260869565217
-2,13800,STARFRUIT,4999,1,4998.0,22.0,0.0,0.0,5004,2,5005.0,20.0,0.0,0.0,5001.5,170.46875,5001.4
-2,13900,STARFRUIT,4998,22,0.0,0.0,0.0,0.0,5001,6,5003.0,4.0,5005.0,22.0,4999.5,167.46875,5001.555555555556
-2,14000,STARFRUIT,4998,5,4997.0,27.0,0.0,0.0,5004,29,0.0,0.0,0.0,0.0,5001.0,173.078125,5000.4098360655735
-2,14100,STARFRUIT,4997,25,0.0,0.0,0.0,0.0,5002,1,5004.0,25.0,0.0,0.0,4999.5,177.9375,5000.529411764706
-2,14200,STARFRUIT,4997,21,0.0,0.0,0.0,0.0,4998,1,5004.0,21.0,0.0,0.0,4997.5,176.7421875,5000.441860465116
-2,14300,STARFRUIT,4997,29,0.0,0.0,0.0,0.0,5004,29,0.0,0.0,0.0,0.0,5000.5,181.6484375,5000.5
-2,14400,STARFRUIT,4997,30,0.0,0.0,0.0,0.0,5004,30,0.0,0.0,0.0,0.0,5000.5,179.6875,5000.5
-2,14500,STARFRUIT,4997,24,0.0,0.0,0.0,0.0,5004,24,0.0,0.0,0.0,0.0,5000.5,188.4140625,5000.5
-2,14600,STARFRUIT,4997,28,0.0,0.0,0.0,0.0,5000,2,5004.0,28.0,0.0,0.0,4998.5,184.7265625,5000.482758620689
-2,14700,STARFRUIT,4997,30,0.0,0.0,0.0,0.0,5004,30,0.0,0.0,0.0,0.0,5000.5,189.796875,5000.5
-2,14800,STARFRUIT,4997,28,0.0,0.0,0.0,0.0,5004,28,0.0,0.0,0.0,0.0,5000.5,181.5703125,5000.5
-2,14900,STARFRUIT,5000,4,4997.0,26.0,0.0,0.0,5004,26,0.0,0.0,0.0,0.0,5002.0,182.95703125,5000.464285714285
-2,15000,STARFRUIT,5003,8,4998.0,25.0,0.0,0.0,5005,25,0.0,0.0,0.0,0.0,5004.0,177.71875,5001.706896551724
-2,15100,STARFRUIT,4998,5,4997.0,22.0,0.0,0.0,5004,22,0.0,0.0,0.0,0.0,5001.0,204.6640625,5000.244897959184
-2,15200,STARFRUIT,4997,27,0.0,0.0,0.0,0.0,4998,1,5004.0,27.0,0.0,0.0,4997.5,201.265625,5000.454545454545
-2,15300,STARFRUIT,4997,26,0.0,0.0,0.0,0.0,5002,4,5004.0,26.0,0.0,0.0,4999.5,208.359375,5000.607142857143
-2,15400,STARFRUIT,4998,5,4997.0,30.0,0.0,0.0,5003,2,5004.0,28.0,0.0,0.0,5000.5,212.25,5000.276923076923
-2,15500,STARFRUIT,4997,31,0.0,0.0,0.0,0.0,5002,8,5003.0,2.0,5004.0,29.0,4999.5,212.078125,5000.642857142857
-2,15600,STARFRUIT,4997,7,4996.0,24.0,0.0,0.0,5003,26,0.0,0.0,0.0,0.0,5000.0,214.6171875,4999.315789473684
-2,15700,STARFRUIT,4997,25,0.0,0.0,0.0,0.0,5003,1,5004.0,24.0,0.0,0.0,5000.0,212.5234375,5000.48
-2,15800,STARFRUIT,5002,1,4997.0,22.0,0.0,0.0,5004,22,0.0,0.0,0.0,0.0,5003.0,206.5859375,5000.533333333334
-2,15900,STARFRUIT,4997,31,0.0,0.0,0.0,0.0,5000,6,5002.0,2.0,5004.0,31.0,4998.5,201.40625,5000.5
-2,16000,STARFRUIT,4997,29,0.0,0.0,0.0,0.0,5002,2,5004.0,29.0,0.0,0.0,4999.5,202.1171875,5000.55
-2,16100,STARFRUIT,4997,21,0.0,0.0,0.0,0.0,5000,2,5004.0,21.0,0.0,0.0,4998.5,212.9921875,5000.477272727273
-2,16200,STARFRUIT,4996,24,0.0,0.0,0.0,0.0,4998,1,5003.0,24.0,0.0,0.0,4997.0,219.421875,4999.469387755102
-2,16300,STARFRUIT,4997,2,4996.0,23.0,0.0,0.0,5003,23,0.0,0.0,0.0,0.0,5000.0,220.9921875,4999.395833333333
-2,16400,STARFRUIT,4996,2,4995.0,30.0,0.0,0.0,5002,32,0.0,0.0,0.0,0.0,4999.0,237.9140625,4998.53125
-2,16500,STARFRUIT,4996,23,0.0,0.0,0.0,0.0,5002,2,5003.0,21.0,0.0,0.0,4999.0,231.9375,4999.45652173913
-2,16600,STARFRUIT,4996,29,0.0,0.0,0.0,0.0,5002,2,5003.0,28.0,0.0,0.0,4999.0,233.859375,4999.525423728814
-2,16700,STARFRUIT,5001,1,4995.0,26.0,0.0,0.0,5002,26,0.0,0.0,0.0,0.0,5001.5,235.8828125,4998.547169811321
-2,16800,STARFRUIT,4996,26,0.0,0.0,0.0,0.0,5003,26,0.0,0.0,0.0,0.0,4999.5,228.34375,4999.5
-2,16900,STARFRUIT,4996,26,0.0,0.0,0.0,0.0,5003,26,0.0,0.0,0.0,0.0,4999.5,223.046875,4999.5
-2,17000,STARFRUIT,4996,29,0.0,0.0,0.0,0.0,5003,29,0.0,0.0,0.0,0.0,4999.5,221.296875,4999.5
-2,17100,STARFRUIT,4996,23,0.0,0.0,0.0,0.0,5002,2,5003.0,21.0,0.0,0.0,4999.0,229.28125,4999.45652173913
-2,17200,STARFRUIT,4996,24,0.0,0.0,0.0,0.0,5003,24,0.0,0.0,0.0,0.0,4999.5,226.828125,4999.5
-2,17300,STARFRUIT,4996,25,0.0,0.0,0.0,0.0,5001,6,5003.0,25.0,0.0,0.0,4998.5,224.0859375,4999.660714285715
-2,17400,STARFRUIT,4999,6,4996.0,28.0,0.0,0.0,5003,28,0.0,0.0,0.0,0.0,5001.0,231.1484375,4999.451612903225
-2,17500,STARFRUIT,4996,26,0.0,0.0,0.0,0.0,5003,26,0.0,0.0,0.0,0.0,4999.5,222.859375,4999.5
-2,17600,STARFRUIT,4996,30,0.0,0.0,0.0,0.0,5003,30,0.0,0.0,0.0,0.0,4999.5,218.828125,4999.5
-2,17700,STARFRUIT,5001,1,4996.0,2.0,4995.0,27.0,5002,29,0.0,0.0,0.0,0.0,5001.5,234.5390625,4998.576271186441
-2,17800,STARFRUIT,4996,26,0.0,0.0,0.0,0.0,5002,2,5003.0,24.0,0.0,0.0,4999.0,233.578125,4999.461538461538
-2,17900,STARFRUIT,4995,23,0.0,0.0,0.0,0.0,5002,23,0.0,0.0,0.0,0.0,4998.5,243.671875,4998.5
-2,18000,STARFRUIT,4996,2,4995.0,25.0,0.0,0.0,5002,27,0.0,0.0,0.0,0.0,4999.0,234.6328125,4998.537037037037
-2,18100,STARFRUIT,4996,20,0.0,0.0,0.0,0.0,5003,20,0.0,0.0,0.0,0.0,4999.5,228.21875,4999.5
-2,18200,STARFRUIT,4995,25,0.0,0.0,0.0,0.0,4997,4,5002.0,26.0,0.0,0.0,4996.0,237.03125,4998.454545454545
-2,18300,STARFRUIT,4995,25,0.0,0.0,0.0,0.0,5002,25,0.0,0.0,0.0,0.0,4998.5,244.09375,4998.5
-2,18400,STARFRUIT,4995,25,0.0,0.0,0.0,0.0,5000,5,5002.0,25.0,0.0,0.0,4997.5,243.296875,4998.636363636364
-2,18500,STARFRUIT,4995,29,0.0,0.0,0.0,0.0,4998,1,5002.0,29.0,0.0,0.0,4996.5,245.21875,4998.4915254237285
-2,18600,STARFRUIT,4996,20,0.0,0.0,0.0,0.0,5001,5,5003.0,20.0,0.0,0.0,4998.5,233.078125,4999.666666666667
-2,18700,STARFRUIT,4996,22,0.0,0.0,0.0,0.0,5003,22,0.0,0.0,0.0,0.0,4999.5,227.1953125,4999.5
-2,18800,STARFRUIT,4996,28,0.0,0.0,0.0,0.0,5002,2,5003.0,26.0,0.0,0.0,4999.0,229.4609375,4999.464285714285
-2,18900,STARFRUIT,4996,22,0.0,0.0,0.0,0.0,5003,22,0.0,0.0,0.0,0.0,4999.5,224.875,4999.5
-2,19000,STARFRUIT,4995,28,0.0,0.0,0.0,0.0,4996,10,5002.0,28.0,0.0,0.0,4995.5,241.078125,4998.121212121212
-2,19100,STARFRUIT,4996,2,4995.0,26.0,0.0,0.0,5002,28,0.0,0.0,0.0,0.0,4999.0,238.625,4998.535714285715
-2,19200,STARFRUIT,4996,21,0.0,0.0,0.0,0.0,5002,1,5003.0,20.0,0.0,0.0,4999.0,231.7421875,4999.476190476191
-2,19300,STARFRUIT,4996,23,0.0,0.0,0.0,0.0,5002,2,5003.0,21.0,0.0,0.0,4999.0,233.1875,4999.45652173913
-2,19400,STARFRUIT,4995,26,0.0,0.0,0.0,0.0,5002,26,0.0,0.0,0.0,0.0,4998.5,240.6171875,4998.5
-2,19500,STARFRUIT,4995,23,0.0,0.0,0.0,0.0,5002,23,0.0,0.0,0.0,0.0,4998.5,236.3515625,4998.5
-2,19600,STARFRUIT,4997,2,4996.0,27.0,0.0,0.0,5003,29,0.0,0.0,0.0,0.0,5000.0,221.5390625,4999.5344827586205
-2,19700,STARFRUIT,4997,1,4996.0,30.0,0.0,0.0,5001,7,5003.0,32.0,0.0,0.0,4999.0,220.0078125,4999.714285714285
-2,19800,STARFRUIT,4996,31,0.0,0.0,0.0,0.0,5003,31,0.0,0.0,0.0,0.0,4999.5,228.5,4999.5
-2,19900,STARFRUIT,4997,2,4996.0,30.0,0.0,0.0,5003,32,0.0,0.0,0.0,0.0,5000.0,217.578125,4999.53125
-2,20000,STARFRUIT,4997,2,4996.0,27.0,0.0,0.0,5003,27,0.0,0.0,0.0,0.0,5000.0,231.8046875,4999.410714285715
-2,20100,STARFRUIT,4996,31,0.0,0.0,0.0,0.0,5001,4,5003.0,31.0,0.0,0.0,4998.5,228.015625,4999.590909090909
-2,20200,STARFRUIT,4996,29,0.0,0.0,0.0,0.0,5003,29,0.0,0.0,0.0,0.0,4999.5,232.4375,4999.5
-2,20300,STARFRUIT,4996,27,0.0,0.0,0.0,0.0,4997,1,5003.0,27.0,0.0,0.0,4996.5,225.40625,4999.454545454545
-2,20400,STARFRUIT,4997,1,4996.0,29.0,0.0,0.0,4999,4,5002.0,1.0,5003.0,28.0,4998.0,234.0703125,4999.412698412699
-2,20500,STARFRUIT,4999,4,4997.0,5.0,4996.0,32.0,5003,32,0.0,0.0,0.0,0.0,5001.0,224.5859375,4999.301369863014
-2,20600,STARFRUIT,4997,2,4996.0,26.0,0.0,0.0,5003,28,0.0,0.0,0.0,0.0,5000.0,222.453125,4999.535714285715
-2,20700,STARFRUIT,4999,6,4996.0,22.0,0.0,0.0,5003,22,0.0,0.0,0.0,0.0,5001.0,234.8515625,4999.44
-2,20800,STARFRUIT,4995,24,0.0,0.0,0.0,0.0,5002,24,0.0,0.0,0.0,0.0,4998.5,249.015625,4998.5
-2,20900,STARFRUIT,5000,1,4995.0,23.0,0.0,0.0,5002,23,0.0,0.0,0.0,0.0,5001.0,251.296875,4998.531914893617
-2,21000,STARFRUIT,4996,2,4995.0,26.0,0.0,0.0,5002,28,0.0,0.0,0.0,0.0,4999.0,242.03125,4998.535714285715
-2,21100,STARFRUIT,4996,2,4995.0,22.0,0.0,0.0,5002,24,0.0,0.0,0.0,0.0,4999.0,241.140625,4998.541666666667
-2,21200,STARFRUIT,4995,22,0.0,0.0,0.0,0.0,5002,22,0.0,0.0,0.0,0.0,4998.5,240.671875,4998.5
-2,21300,STARFRUIT,4996,1,4995.0,29.0,0.0,0.0,5002,30,0.0,0.0,0.0,0.0,4999.0,242.375,4998.516666666666
-2,21400,STARFRUIT,4996,28,0.0,0.0,0.0,0.0,5003,28,0.0,0.0,0.0,0.0,4999.5,237.09375,4999.5
-2,21500,STARFRUIT,5000,4,4996.0,21.0,0.0,0.0,5002,1,5003.0,20.0,0.0,0.0,5001.0,234.40625,4999.521739130435
-2,21600,STARFRUIT,4996,27,0.0,0.0,0.0,0.0,5003,27,0.0,0.0,0.0,0.0,4999.5,233.7890625,4999.5
-2,21700,STARFRUIT,4996,2,4995.0,29.0,0.0,0.0,5002,31,0.0,0.0,0.0,0.0,4999.0,241.6484375,4998.532258064516
-2,21800,STARFRUIT,4996,24,0.0,0.0,0.0,0.0,5003,24,0.0,0.0,0.0,0.0,4999.5,232.203125,4999.5
-2,21900,STARFRUIT,4997,1,4996.0,21.0,0.0,0.0,5003,22,0.0,0.0,0.0,0.0,5000.0,221.359375,4999.522727272727
-2,22000,STARFRUIT,4996,21,0.0,0.0,0.0,0.0,5003,21,0.0,0.0,0.0,0.0,4999.5,231.75,4999.5
-2,22100,STARFRUIT,4997,23,0.0,0.0,0.0,0.0,5004,24,0.0,0.0,0.0,0.0,5000.5,213.421875,5000.574468085107
-2,22200,STARFRUIT,4997,21,0.0,0.0,0.0,0.0,5004,21,0.0,0.0,0.0,0.0,5000.5,207.671875,5000.5
-2,22300,STARFRUIT,4997,29,0.0,0.0,0.0,0.0,5004,29,0.0,0.0,0.0,0.0,5000.5,211.578125,5000.5
-2,22400,STARFRUIT,4996,29,0.0,0.0,0.0,0.0,5003,29,0.0,0.0,0.0,0.0,4999.5,226.78125,4999.5
-2,22500,STARFRUIT,4997,2,4996.0,29.0,0.0,0.0,5003,31,0.0,0.0,0.0,0.0,5000.0,221.5625,4999.532258064516
-2,22600,STARFRUIT,5000,6,4998.0,4.0,4997.0,22.0,5003,2,5004.0,20.0,0.0,0.0,5001.5,217.125,5000.222222222223
-2,22700,STARFRUIT,4997,1,4996.0,24.0,0.0,0.0,5003,26,0.0,0.0,0.0,0.0,5000.0,221.890625,4999.588235294118
-2,22800,STARFRUIT,4996,27,0.0,0.0,0.0,0.0,5002,1,5003.0,27.0,0.0,0.0,4999.0,236.171875,4999.545454545455
-2,22900,STARFRUIT,4996,32,0.0,0.0,0.0,0.0,5003,32,0.0,0.0,0.0,0.0,4999.5,227.234375,4999.5
-2,23000,STARFRUIT,4996,22,0.0,0.0,0.0,0.0,5003,22,0.0,0.0,0.0,0.0,4999.5,231.9375,4999.5
-2,23100,STARFRUIT,4996,23,0.0,0.0,0.0,0.0,5003,23,0.0,0.0,0.0,0.0,4999.5,235.7109375,4999.5
-2,23200,STARFRUIT,4997,31,0.0,0.0,0.0,0.0,5002,3,5004.0,31.0,0.0,0.0,4999.5,213.0546875,5000.569230769231
-2,23300,STARFRUIT,4998,30,0.0,0.0,0.0,0.0,5004,1,5005.0,29.0,0.0,0.0,5001.0,202.5,5001.483333333334
-2,23400,STARFRUIT,4998,30,0.0,0.0,0.0,0.0,5005,30,0.0,0.0,0.0,0.0,5001.5,195.671875,5001.5
-2,23500,STARFRUIT,4998,29,0.0,0.0,0.0,0.0,5003,4,5005.0,30.0,0.0,0.0,5000.5,198.953125,5001.650793650793
-2,23600,STARFRUIT,4998,27,0.0,0.0,0.0,0.0,5005,27,0.0,0.0,0.0,0.0,5001.5,194.3125,5001.5
-2,23700,STARFRUIT,4997,23,0.0,0.0,0.0,0.0,5002,7,5004.0,23.0,0.0,0.0,4999.5,210.6875,5000.698113207547
-2,23800,STARFRUIT,5003,1,4997.0,30.0,0.0,0.0,5004,30,0.0,0.0,0.0,0.0,5003.5,209.9375,5000.540983606557
-2,23900,STARFRUIT,5002,1,4998.0,1.0,4997.0,30.0,5004,30,0.0,0.0,0.0,0.0,5003.0,215.40625,5000.4838709677415
-2,24000,STARFRUIT,4996,29,0.0,0.0,0.0,0.0,5003,29,0.0,0.0,0.0,0.0,4999.5,224.640625,4999.5
-2,24100,STARFRUIT,4996,26,0.0,0.0,0.0,0.0,5001,3,5003.0,26.0,0.0,0.0,4998.5,236.0078125,4999.581818181819
-2,24200,STARFRUIT,4996,30,0.0,0.0,0.0,0.0,5003,30,0.0,0.0,0.0,0.0,4999.5,232.25,4999.5
-2,24300,STARFRUIT,4996,26,0.0,0.0,0.0,0.0,5003,26,0.0,0.0,0.0,0.0,4999.5,231.625,4999.5
-2,24400,STARFRUIT,5002,1,4996.0,22.0,0.0,0.0,5003,22,0.0,0.0,0.0,0.0,5002.5,230.4921875,4999.555555555556
-2,24500,STARFRUIT,4997,1,4996.0,25.0,0.0,0.0,5003,26,0.0,0.0,0.0,0.0,5000.0,226.4921875,4999.5192307692305
-2,24600,STARFRUIT,4996,24,0.0,0.0,0.0,0.0,5001,2,5003.0,24.0,0.0,0.0,4998.5,235.546875,4999.56
-2,24700,STARFRUIT,4996,25,0.0,0.0,0.0,0.0,5003,25,0.0,0.0,0.0,0.0,4999.5,244.421875,4999.5
-2,24800,STARFRUIT,4995,23,0.0,0.0,0.0,0.0,5002,23,0.0,0.0,0.0,0.0,4998.5,257.1796875,4998.5
-2,24900,STARFRUIT,4999,4,4995.0,23.0,0.0,0.0,5002,23,0.0,0.0,0.0,0.0,5000.5,259.59375,4998.54
-2,25000,STARFRUIT,4995,23,0.0,0.0,0.0,0.0,5002,23,0.0,0.0,0.0,0.0,4998.5,254.953125,4998.5
-2,25100,STARFRUIT,4995,25,0.0,0.0,0.0,0.0,5000,4,5002.0,25.0,0.0,0.0,4997.5,256.15625,4998.611111111111
-2,25200,STARFRUIT,4996,1,4995.0,24.0,0.0,0.0,5000,3,5002.0,25.0,0.0,0.0,4998.0,251.0625,4998.603773584906
-2,25300,STARFRUIT,4996,2,4995.0,24.0,0.0,0.0,5002,24,0.0,0.0,0.0,0.0,4999.0,260.484375,4998.4
-2,25400,STARFRUIT,5000,8,4995.0,30.0,0.0,0.0,5001,1,5002.0,29.0,0.0,0.0,5000.5,264.25,4998.661764705882
-2,25500,STARFRUIT,4995,1,4994.0,20.0,0.0,0.0,5001,21,0.0,0.0,0.0,0.0,4998.0,270.359375,4997.523809523809
-2,25600,STARFRUIT,4995,8,4994.0,23.0,0.0,0.0,5001,23,0.0,0.0,0.0,0.0,4998.0,280.3203125,4997.12962962963
-2,25700,STARFRUIT,4995,32,0.0,0.0,0.0,0.0,5000,6,5001.0,2.0,5002.0,30.0,4997.5,265.5234375,4998.6
-2,25800,STARFRUIT,4995,23,0.0,0.0,0.0,0.0,5002,24,0.0,0.0,0.0,0.0,4998.5,258.75,4998.574468085107
-2,25900,STARFRUIT,4995,25,0.0,0.0,0.0,0.0,5001,2,5002.0,23.0,0.0,0.0,4998.0,264.828125,4998.46
-2,26000,STARFRUIT,4994,27,0.0,0.0,0.0,0.0,4995,5,5001.0,29.0,0.0,0.0,4994.5,270.953125,4997.4098360655735
-2,26100,STARFRUIT,4994,20,0.0,0.0,0.0,0.0,5001,20,0.0,0.0,0.0,0.0,4997.5,271.421875,4997.5
-2,26200,STARFRUIT,4994,23,0.0,0.0,0.0,0.0,5000,1,5001.0,22.0,0.0,0.0,4997.0,282.9296875,4997.478260869565
-2,26300,STARFRUIT,4994,30,0.0,0.0,0.0,0.0,5001,30,0.0,0.0,0.0,0.0,4997.5,279.46875,4997.5
-2,26400,STARFRUIT,4994,5,4993.0,22.0,0.0,0.0,5000,22,0.0,0.0,0.0,0.0,4997.0,289.796875,4996.244897959184
-2,26500,STARFRUIT,4993,24,0.0,0.0,0.0,0.0,5000,24,0.0,0.0,0.0,0.0,4996.5,292.765625,4996.5
-2,26600,STARFRUIT,4994,6,4993.0,30.0,0.0,0.0,5000,30,0.0,0.0,0.0,0.0,4997.0,300.9375,4996.272727272727
-2,26700,STARFRUIT,4993,24,0.0,0.0,0.0,0.0,4998,6,4999.0,1.0,5000.0,23.0,4995.5,304.7734375,4996.648148148148
-2,26800,STARFRUIT,4998,1,4992.0,30.0,0.0,0.0,4999,30,0.0,0.0,0.0,0.0,4998.5,315.390625,4995.540983606557
-2,26900,STARFRUIT,4991,30,0.0,0.0,0.0,0.0,4992,1,4998.0,30.0,0.0,0.0,4991.5,327.9296875,4994.459016393443
-2,27000,STARFRUIT,4992,2,4991.0,28.0,0.0,0.0,4998,28,0.0,0.0,0.0,0.0,4995.0,335.6328125,4994.413793103448
-2,27100,STARFRUIT,4992,3,4991.0,24.0,0.0,0.0,4998,24,0.0,0.0,0.0,0.0,4995.0,341.0625,4994.35294117647
-2,27200,STARFRUIT,4991,21,0.0,0.0,0.0,0.0,4996,2,4998.0,21.0,0.0,0.0,4993.5,343.421875,4994.568181818182
-2,27300,STARFRUIT,4996,1,4991.0,31.0,0.0,0.0,4997,2,4998.0,29.0,0.0,0.0,4996.5,342.890625,4994.492063492064
-2,27400,STARFRUIT,4991,21,0.0,0.0,0.0,0.0,4998,21,0.0,0.0,0.0,0.0,4994.5,330.75,4994.5
-2,27500,STARFRUIT,4992,23,0.0,0.0,0.0,0.0,4997,6,4998.0,1.0,4999.0,22.0,4994.5,324.3046875,4995.653846153846
-2,27600,STARFRUIT,4993,6,4992.0,24.0,0.0,0.0,4999,24,0.0,0.0,0.0,0.0,4996.0,326.328125,4995.222222222223
-2,27700,STARFRUIT,4992,24,0.0,0.0,0.0,0.0,4993,5,4999.0,24.0,0.0,0.0,4992.5,320.5625,4995.264150943396
-2,27800,STARFRUIT,4992,28,0.0,0.0,0.0,0.0,4997,3,4998.0,2.0,4999.0,26.0,4994.5,326.0703125,4995.542372881356
-2,27900,STARFRUIT,4998,1,4992.0,29.0,0.0,0.0,4999,29,0.0,0.0,0.0,0.0,4998.5,314.546875,4995.542372881356
-2,28000,STARFRUIT,4992,28,0.0,0.0,0.0,0.0,4999,28,0.0,0.0,0.0,0.0,4995.5,307.0,4995.5
-2,28100,STARFRUIT,4992,26,0.0,0.0,0.0,0.0,4999,26,0.0,0.0,0.0,0.0,4995.5,307.0,4995.5
-2,28200,STARFRUIT,4992,26,0.0,0.0,0.0,0.0,4997,5,4999.0,26.0,0.0,0.0,4994.5,307.0,4995.631578947368
-2,28300,STARFRUIT,4993,1,4992.0,23.0,0.0,0.0,4994,2,4999.0,24.0,0.0,0.0,4993.5,307.8359375,4995.46
-2,28400,STARFRUIT,4992,1,4991.0,23.0,0.0,0.0,4998,25,0.0,0.0,0.0,0.0,4995.0,321.3125,4994.591836734694
-2,28500,STARFRUIT,4991,23,0.0,0.0,0.0,0.0,4998,23,0.0,0.0,0.0,0.0,4994.5,324.0,4994.5
-2,28600,STARFRUIT,4991,23,0.0,0.0,0.0,0.0,4996,8,4998.0,23.0,0.0,0.0,4993.5,325.703125,4994.722222222223
-2,28700,STARFRUIT,4990,30,0.0,0.0,0.0,0.0,4997,30,0.0,0.0,0.0,0.0,4993.5,332.62109375,4993.5
-2,28800,STARFRUIT,4990,27,0.0,0.0,0.0,0.0,4997,27,0.0,0.0,0.0,0.0,4993.5,336.44921875,4993.5
-2,28900,STARFRUIT,4990,5,4989.0,21.0,0.0,0.0,4996,22,0.0,0.0,0.0,0.0,4993.0,339.8515625,4992.3125
-2,29000,STARFRUIT,4989,24,0.0,0.0,0.0,0.0,4990,1,4996.0,24.0,0.0,0.0,4989.5,338.04296875,4992.448979591837
-2,29100,STARFRUIT,4991,3,4990.0,28.0,0.0,0.0,4996,2,4997.0,26.0,0.0,0.0,4993.5,340.0859375,4993.338983050848
-2,29200,STARFRUIT,4996,1,4991.0,31.0,0.0,0.0,4997,1,4998.0,30.0,0.0,0.0,4996.5,331.734375,4994.507936507936
-2,29300,STARFRUIT,4991,32,0.0,0.0,0.0,0.0,4995,2,4997.0,32.0,0.0,0.0,4993.0,334.99609375,4994.030303030303
-2,29400,STARFRUIT,4991,25,0.0,0.0,0.0,0.0,4998,26,0.0,0.0,0.0,0.0,4994.5,325.828125,4994.568627450981
-2,29500,STARFRUIT,4992,2,4991.0,29.0,0.0,0.0,4998,29,0.0,0.0,0.0,0.0,4995.0,325.21875,4994.416666666667
-2,29600,STARFRUIT,4991,30,0.0,0.0,0.0,0.0,4996,3,4998.0,30.0,0.0,0.0,4993.5,323.078125,4994.571428571428
-2,29700,STARFRUIT,4992,2,4991.0,26.0,0.0,0.0,4997,1,4998.0,25.0,0.0,0.0,4994.5,332.328125,4994.388888888889
-2,29800,STARFRUIT,4990,31,0.0,0.0,0.0,0.0,4995,1,4997.0,31.0,0.0,0.0,4992.5,347.546875,4993.523809523809
-2,29900,STARFRUIT,4991,8,4990.0,21.0,0.0,0.0,4997,21,0.0,0.0,0.0,0.0,4994.0,353.6640625,4993.1
-2,30000,STARFRUIT,4990,31,0.0,0.0,0.0,0.0,4997,31,0.0,0.0,0.0,0.0,4993.5,347.6171875,4993.5
-2,30100,STARFRUIT,4991,30,0.0,0.0,0.0,0.0,4997,30,0.0,0.0,0.0,0.0,4994.0,335.0390625,4994.0
-2,30200,STARFRUIT,4991,22,0.0,0.0,0.0,0.0,4997,2,4998.0,20.0,0.0,0.0,4994.0,330.2421875,4994.454545454545
-2,30300,STARFRUIT,4996,1,4991.0,31.0,0.0,0.0,4998,31,0.0,0.0,0.0,0.0,4997.0,326.296875,4994.523809523809
-2,30400,STARFRUIT,4994,5,4991.0,31.0,0.0,0.0,4997,2,4998.0,29.0,0.0,0.0,4995.5,332.984375,4994.432835820896
-2,30500,STARFRUIT,4991,22,0.0,0.0,0.0,0.0,4998,22,0.0,0.0,0.0,0.0,4994.5,320.7890625,4994.5
-2,30600,STARFRUIT,4992,21,0.0,0.0,0.0,0.0,4998,2,4999.0,20.0,0.0,0.0,4995.0,310.109375,4995.53488372093
-2,30700,STARFRUIT,4992,30,0.0,0.0,0.0,0.0,4999,30,0.0,0.0,0.0,0.0,4995.5,314.359375,4995.5
-2,30800,STARFRUIT,4993,3,4992.0,31.0,0.0,0.0,4998,1,4999.0,30.0,0.0,0.0,4995.5,314.734375,4995.369230769231
-2,30900,STARFRUIT,4991,30,0.0,0.0,0.0,0.0,4996,7,4998.0,30.0,0.0,0.0,4993.5,322.6875,4994.6567164179105
-2,31000,STARFRUIT,4995,4,4993.0,7.0,4992.0,23.0,4998,1,4999.0,22.0,0.0,0.0,4996.5,311.015625,4995.140350877193
-2,31100,STARFRUIT,4992,29,0.0,0.0,0.0,0.0,4999,29,0.0,0.0,0.0,0.0,4995.5,307.8046875,4995.5
-2,31200,STARFRUIT,4992,31,0.0,0.0,0.0,0.0,4999,31,0.0,0.0,0.0,0.0,4995.5,308.578125,4995.5
-2,31300,STARFRUIT,4992,24,0.0,0.0,0.0,0.0,4999,24,0.0,0.0,0.0,0.0,4995.5,305.3515625,4995.5
-2,31400,STARFRUIT,4992,26,0.0,0.0,0.0,0.0,4999,26,0.0,0.0,0.0,0.0,4995.5,336.3984375,4995.5
-2,31500,STARFRUIT,4993,5,4992.0,30.0,0.0,0.0,4999,30,0.0,0.0,0.0,0.0,4996.0,337.55078125,4995.307692307692
-2,31600,STARFRUIT,4997,1,4992.0,27.0,0.0,0.0,4998,27,0.0,0.0,0.0,0.0,4997.5,341.015625,4995.036363636364
-2,31700,STARFRUIT,4991,24,0.0,0.0,0.0,0.0,4996,3,4998.0,24.0,0.0,0.0,4993.5,347.11328125,4994.588235294118
-2,31800,STARFRUIT,4993,6,4991.0,1.0,4990.0,25.0,4997,26,0.0,0.0,0.0,0.0,4995.0,352.65234375,4993.4655172413795
-2,31900,STARFRUIT,4991,4,4990.0,28.0,0.0,0.0,4997,28,0.0,0.0,0.0,0.0,4994.0,351.19140625,4993.333333333333
-2,32000,STARFRUIT,4992,3,4991.0,24.0,0.0,0.0,4998,25,0.0,0.0,0.0,0.0,4995.0,344.13671875,4994.423076923077
-2,32100,STARFRUIT,4991,29,0.0,0.0,0.0,0.0,4997,1,4998.0,28.0,0.0,0.0,4994.0,349.55078125,4994.482758620689
-2,32200,STARFRUIT,4991,28,0.0,0.0,0.0,0.0,4997,1,4998.0,27.0,0.0,0.0,4994.0,349.1171875,4994.482142857143
-2,32300,STARFRUIT,4991,25,0.0,0.0,0.0,0.0,4998,25,0.0,0.0,0.0,0.0,4994.5,347.81640625,4994.5
-2,32400,STARFRUIT,4991,30,0.0,0.0,0.0,0.0,4997,1,4998.0,30.0,0.0,0.0,4994.0,350.95703125,4994.540983606557
-2,32500,STARFRUIT,4991,21,0.0,0.0,0.0,0.0,4996,5,4997.0,1.0,4998.0,21.0,4993.5,350.3125,4994.708333333333
-2,32600,STARFRUIT,4990,30,0.0,0.0,0.0,0.0,4997,30,0.0,0.0,0.0,0.0,4993.5,353.80859375,4993.5
-2,32700,STARFRUIT,4991,24,0.0,0.0,0.0,0.0,4997,2,4998.0,22.0,0.0,0.0,4994.0,353.74609375,4994.458333333333
-2,32800,STARFRUIT,4991,2,4990.0,28.0,0.0,0.0,4997,30,0.0,0.0,0.0,0.0,4994.0,356.1171875,4993.533333333334
-2,32900,STARFRUIT,4991,2,4990.0,27.0,0.0,0.0,4997,29,0.0,0.0,0.0,0.0,4994.0,355.72265625,4993.5344827586205
-2,33000,STARFRUIT,4996,1,4991.0,30.0,0.0,0.0,4997,2,4998.0,28.0,0.0,0.0,4996.5,353.0078125,4994.491803278688
-2,33100,STARFRUIT,4991,28,0.0,0.0,0.0,0.0,4996,3,4997.0,1.0,4998.0,28.0,4993.5,356.69921875,4994.616666666667
-2,33200,STARFRUIT,4990,20,0.0,0.0,0.0,0.0,4991,10,4997.0,21.0,0.0,0.0,4990.5,364.55078125,4993.078431372549
-2,33300,STARFRUIT,4990,21,0.0,0.0,0.0,0.0,4996,1,4997.0,20.0,0.0,0.0,4993.0,385.796875,4993.476190476191
-2,33400,STARFRUIT,4990,32,0.0,0.0,0.0,0.0,4997,32,0.0,0.0,0.0,0.0,4993.5,385.19140625,4993.5
-2,33500,STARFRUIT,4990,21,0.0,0.0,0.0,0.0,4997,21,0.0,0.0,0.0,0.0,4993.5,385.2607421875,4993.5
-2,33600,STARFRUIT,4990,27,0.0,0.0,0.0,0.0,4997,27,0.0,0.0,0.0,0.0,4993.5,387.619140625,4993.5
-2,33700,STARFRUIT,4991,4,4990.0,28.0,0.0,0.0,4996,1,4997.0,27.0,0.0,0.0,4993.5,388.91015625,4993.316666666667
-2,33800,STARFRUIT,4994,3,4991.0,5.0,4990.0,26.0,4996,1,4997.0,25.0,0.0,0.0,4995.0,388.7421875,4993.3
-2,33900,STARFRUIT,4990,24,0.0,0.0,0.0,0.0,4997,24,0.0,0.0,0.0,0.0,4993.5,387.875,4993.5
-2,34000,STARFRUIT,4990,29,0.0,0.0,0.0,0.0,4995,8,4997.0,30.0,0.0,0.0,4992.5,387.833984375,4993.731343283582
-2,34100,STARFRUIT,4992,2,4991.0,23.0,0.0,0.0,4997,1,4998.0,22.0,0.0,0.0,4994.5,385.55859375,4994.375
-2,34200,STARFRUIT,4991,23,0.0,0.0,0.0,0.0,4996,1,4998.0,23.0,0.0,0.0,4993.5,385.8095703125,4994.531914893617
-2,34300,STARFRUIT,4990,23,0.0,0.0,0.0,0.0,4997,23,0.0,0.0,0.0,0.0,4993.5,401.890625,4993.5
-2,34400,STARFRUIT,4991,3,4990.0,25.0,0.0,0.0,4996,25,0.0,0.0,0.0,0.0,4993.5,398.0234375,4992.88679245283
-2,34500,STARFRUIT,4990,30,0.0,0.0,0.0,0.0,4991,5,4995.0,1.0,4997.0,30.0,4990.5,400.76953125,4993.333333333333
-2,34600,STARFRUIT,4990,28,0.0,0.0,0.0,0.0,4997,29,0.0,0.0,0.0,0.0,4993.5,412.80859375,4993.561403508772
-2,34700,STARFRUIT,4990,24,0.0,0.0,0.0,0.0,4997,24,0.0,0.0,0.0,0.0,4993.5,417.2265625,4993.5
-2,34800,STARFRUIT,4991,25,0.0,0.0,0.0,0.0,4997,2,4998.0,23.0,0.0,0.0,4994.0,419.2265625,4994.46
-2,34900,STARFRUIT,4991,21,0.0,0.0,0.0,0.0,4998,21,0.0,0.0,0.0,0.0,4994.5,426.328125,4994.5
-2,35000,STARFRUIT,4997,1,4992.0,20.0,0.0,0.0,4999,20,0.0,0.0,0.0,0.0,4998.0,431.86328125,4995.536585365854
-2,35100,STARFRUIT,4992,31,0.0,0.0,0.0,0.0,4998,2,4999.0,29.0,0.0,0.0,4995.0,432.1796875,4995.467741935484
-2,35200,STARFRUIT,4993,3,4992.0,30.0,0.0,0.0,4998,2,4999.0,28.0,0.0,0.0,4995.5,433.265625,4995.349206349207
-2,35300,STARFRUIT,4992,28,0.0,0.0,0.0,0.0,4993,8,4999.0,28.0,0.0,0.0,4992.5,437.578125,4995.1875
-2,35400,STARFRUIT,4997,1,4993.0,2.0,4992.0,25.0,4999,25,0.0,0.0,0.0,0.0,4998.0,449.171875,4995.433962264151
-2,35500,STARFRUIT,4992,28,0.0,0.0,0.0,0.0,4999,28,0.0,0.0,0.0,0.0,4995.5,460.90625,4995.5
-2,35600,STARFRUIT,4993,26,0.0,0.0,0.0,0.0,5000,26,0.0,0.0,0.0,0.0,4996.5,469.09375,4996.5
-2,35700,STARFRUIT,4993,29,0.0,0.0,0.0,0.0,5000,29,0.0,0.0,0.0,0.0,4996.5,475.734375,4996.5
-2,35800,STARFRUIT,4993,31,0.0,0.0,0.0,0.0,4994,2,5000.0,31.0,0.0,0.0,4993.5,474.359375,4996.421875
-2,35900,STARFRUIT,4993,23,0.0,0.0,0.0,0.0,5000,23,0.0,0.0,0.0,0.0,4996.5,481.4921875,4996.5
-2,36000,STARFRUIT,4993,30,0.0,0.0,0.0,0.0,4998,3,5000.0,30.0,0.0,0.0,4995.5,473.03125,4996.571428571428
-2,36100,STARFRUIT,4993,26,0.0,0.0,0.0,0.0,4999,2,5000.0,24.0,0.0,0.0,4996.0,473.4609375,4996.461538461538
-2,36200,STARFRUIT,4993,1,4992.0,29.0,0.0,0.0,4999,30,0.0,0.0,0.0,0.0,4996.0,469.0,4995.516666666666
-2,36300,STARFRUIT,4993,1,4992.0,21.0,0.0,0.0,4997,6,4999.0,22.0,0.0,0.0,4995.0,469.6328125,4995.7
-2,36400,STARFRUIT,4998,1,4993.0,3.0,4992.0,21.0,4999,21,0.0,0.0,0.0,0.0,4998.5,465.875,4995.391304347826
-2,36500,STARFRUIT,4992,25,0.0,0.0,0.0,0.0,4994,2,4999.0,25.0,0.0,0.0,4993.0,470.171875,4995.442307692308
-2,36600,STARFRUIT,4993,29,0.0,0.0,0.0,0.0,5000,29,0.0,0.0,0.0,0.0,4996.5,483.234375,4996.5
-2,36700,STARFRUIT,4992,21,0.0,0.0,0.0,0.0,4999,21,0.0,0.0,0.0,0.0,4995.5,472.78125,4995.5
-2,36800,STARFRUIT,4993,30,0.0,0.0,0.0,0.0,5000,30,0.0,0.0,0.0,0.0,4996.5,480.1328125,4996.5
-2,36900,STARFRUIT,4992,27,0.0,0.0,0.0,0.0,4999,27,0.0,0.0,0.0,0.0,4995.5,464.265625,4995.5
-2,37000,STARFRUIT,4991,25,0.0,0.0,0.0,0.0,4998,25,0.0,0.0,0.0,0.0,4994.5,447.046875,4994.5
-2,37100,STARFRUIT,4992,4,4991.0,23.0,0.0,0.0,4998,23,0.0,0.0,0.0,0.0,4995.0,446.078125,4994.3
-2,37200,STARFRUIT,4992,4,4991.0,21.0,0.0,0.0,4998,21,0.0,0.0,0.0,0.0,4995.0,446.109375,4994.282608695652
-2,37300,STARFRUIT,4992,4,4991.0,28.0,0.0,0.0,4998,28,0.0,0.0,0.0,0.0,4995.0,449.625,4994.333333333333
-2,37400,STARFRUIT,4990,30,0.0,0.0,0.0,0.0,4997,30,0.0,0.0,0.0,0.0,4993.5,436.4921875,4993.5
-2,37500,STARFRUIT,4991,2,4990.0,25.0,0.0,0.0,4997,27,0.0,0.0,0.0,0.0,4994.0,436.0,4993.537037037037
-2,37600,STARFRUIT,4991,22,0.0,0.0,0.0,0.0,4997,22,0.0,0.0,0.0,0.0,4994.0,436.9921875,4994.0
-2,37700,STARFRUIT,4991,24,0.0,0.0,0.0,0.0,4998,24,0.0,0.0,0.0,0.0,4994.5,446.96875,4994.5
-2,37800,STARFRUIT,4991,24,0.0,0.0,0.0,0.0,4998,25,0.0,0.0,0.0,0.0,4994.5,446.1328125,4994.571428571428
-2,37900,STARFRUIT,4991,25,0.0,0.0,0.0,0.0,4998,25,0.0,0.0,0.0,0.0,4994.5,450.3203125,4994.5
-2,38000,STARFRUIT,4991,32,0.0,0.0,0.0,0.0,4996,4,4998.0,32.0,0.0,0.0,4993.5,442.53125,4994.588235294118
-2,38100,STARFRUIT,4991,28,0.0,0.0,0.0,0.0,4997,2,4998.0,26.0,0.0,0.0,4994.0,441.015625,4994.464285714285
-2,38200,STARFRUIT,4991,28,0.0,0.0,0.0,0.0,4997,1,4998.0,27.0,0.0,0.0,4994.0,437.4609375,4994.482142857143
-2,38300,STARFRUIT,4991,26,0.0,0.0,0.0,0.0,4998,26,0.0,0.0,0.0,0.0,4994.5,443.03125,4994.5
-2,38400,STARFRUIT,4991,1,4990.0,23.0,0.0,0.0,4993,6,4997.0,24.0,0.0,0.0,4992.0,435.15625,4993.462962962963
-2,38500,STARFRUIT,4990,21,0.0,0.0,0.0,0.0,4997,21,0.0,0.0,0.0,0.0,4993.5,428.4921875,4993.5
-2,38600,STARFRUIT,4991,2,4990.0,28.0,0.0,0.0,4997,30,0.0,0.0,0.0,0.0,4994.0,433.0625,4993.533333333334
-2,38700,STARFRUIT,4991,20,0.0,0.0,0.0,0.0,4998,20,0.0,0.0,0.0,0.0,4994.5,447.296875,4994.5
-2,38800,STARFRUIT,4991,21,0.0,0.0,0.0,0.0,4993,2,4996.0,1.0,4998.0,21.0,4992.0,450.3203125,4994.466666666666
-2,38900,STARFRUIT,4992,2,4991.0,30.0,0.0,0.0,4996,7,4998.0,32.0,0.0,0.0,4994.0,452.71875,4994.6760563380285
-2,39000,STARFRUIT,4991,23,0.0,0.0,0.0,0.0,4998,23,0.0,0.0,0.0,0.0,4994.5,449.953125,4994.5
-2,39100,STARFRUIT,4992,25,0.0,0.0,0.0,0.0,4998,1,4999.0,24.0,0.0,0.0,4995.0,458.59375,4995.48
-2,39200,STARFRUIT,4992,30,0.0,0.0,0.0,0.0,4997,2,4999.0,30.0,0.0,0.0,4994.5,462.875,4995.548387096775
-2,39300,STARFRUIT,4992,27,0.0,0.0,0.0,0.0,4999,27,0.0,0.0,0.0,0.0,4995.5,476.65625,4995.5
-2,39400,STARFRUIT,4993,31,0.0,0.0,0.0,0.0,4998,5,4999.0,1.0,5000.0,30.0,4995.5,479.2734375,4996.5970149253735
-2,39500,STARFRUIT,4992,27,0.0,0.0,0.0,0.0,4997,3,4999.0,27.0,0.0,0.0,4994.5,472.96875,4995.578947368421
-2,39600,STARFRUIT,4997,4,4992.0,23.0,0.0,0.0,4999,23,0.0,0.0,0.0,0.0,4998.0,468.6484375,4995.62
-2,39700,STARFRUIT,4993,4,4992.0,24.0,0.0,0.0,4998,2,4999.0,22.0,0.0,0.0,4995.5,463.046875,4995.2692307692305
-2,39800,STARFRUIT,4991,28,0.0,0.0,0.0,0.0,4998,28,0.0,0.0,0.0,0.0,4994.5,454.078125,4994.5
-2,39900,STARFRUIT,4992,31,0.0,0.0,0.0,0.0,4998,1,4999.0,30.0,0.0,0.0,4995.0,463.1171875,4995.4838709677415
-2,40000,STARFRUIT,4992,22,0.0,0.0,0.0,0.0,4999,22,0.0,0.0,0.0,0.0,4995.5,468.8828125,4995.5
-2,40100,STARFRUIT,4992,2,4991.0,29.0,0.0,0.0,4998,31,0.0,0.0,0.0,0.0,4995.0,460.0,4994.532258064516
-2,40200,STARFRUIT,4992,29,0.0,0.0,0.0,0.0,4999,29,0.0,0.0,0.0,0.0,4995.5,472.7421875,4995.5
-2,40300,STARFRUIT,4992,22,0.0,0.0,0.0,0.0,4999,22,0.0,0.0,0.0,0.0,4995.5,474.484375,4995.5
-2,40400,STARFRUIT,4992,24,0.0,0.0,0.0,0.0,4999,24,0.0,0.0,0.0,0.0,4995.5,467.609375,4995.5
-2,40500,STARFRUIT,4992,29,0.0,0.0,0.0,0.0,4993,1,4999.0,29.0,0.0,0.0,4992.5,470.359375,4995.457627118644
-2,40600,STARFRUIT,4993,4,4992.0,26.0,0.0,0.0,4999,26,0.0,0.0,0.0,0.0,4996.0,472.34375,4995.321428571428
-2,40700,STARFRUIT,4992,22,0.0,0.0,0.0,0.0,4998,2,4999.0,20.0,0.0,0.0,4995.0,466.484375,4995.454545454545
-2,40800,STARFRUIT,4991,27,0.0,0.0,0.0,0.0,4998,27,0.0,0.0,0.0,0.0,4994.5,451.78125,4994.5
-2,40900,STARFRUIT,4991,28,0.0,0.0,0.0,0.0,4998,28,0.0,0.0,0.0,0.0,4994.5,452.046875,4994.5
-2,41000,STARFRUIT,4991,21,0.0,0.0,0.0,0.0,4992,1,4996.0,3.0,4998.0,21.0,4991.5,456.7734375,4994.54347826087
-2,41100,STARFRUIT,4990,27,0.0,0.0,0.0,0.0,4991,1,4992.0,2.0,4997.0,27.0,4990.5,446.0,4993.403508771929
-2,41200,STARFRUIT,4990,29,0.0,0.0,0.0,0.0,4997,29,0.0,0.0,0.0,0.0,4993.5,448.7314453125,4993.5
-2,41300,STARFRUIT,4991,1,4990.0,24.0,0.0,0.0,4995,4,4997.0,25.0,0.0,0.0,4993.0,448.9765625,4993.62962962963
-2,41400,STARFRUIT,4991,2,4990.0,23.0,0.0,0.0,4993,4,4995.0,5.0,4997.0,25.0,4992.0,448.78857421875,4993.627118644068
-2,41500,STARFRUIT,4991,2,4990.0,20.0,0.0,0.0,4995,1,4997.0,22.0,0.0,0.0,4993.0,448.83251953125,4993.577777777778
-2,41600,STARFRUIT,4990,23,0.0,0.0,0.0,0.0,4995,7,4997.0,23.0,0.0,0.0,4992.5,448.72021484375,4993.698113207547
-2,41700,STARFRUIT,4993,4,4990.0,21.0,0.0,0.0,4997,21,0.0,0.0,0.0,0.0,4995.0,448.38623046875,4993.45652173913
-2,41800,STARFRUIT,4990,24,0.0,0.0,0.0,0.0,4996,2,4997.0,22.0,0.0,0.0,4993.0,447.03125,4993.458333333333
-2,41900,STARFRUIT,4991,1,4990.0,21.0,0.0,0.0,4995,1,4997.0,22.0,0.0,0.0,4993.0,444.8828125,4993.555555555556
-2,42000,STARFRUIT,4990,31,0.0,0.0,0.0,0.0,4995,5,4996.0,2.0,4997.0,30.0,4992.5,447.1953125,4993.632352941177
-2,42100,STARFRUIT,4990,23,0.0,0.0,0.0,0.0,4997,23,0.0,0.0,0.0,0.0,4993.5,453.875,4993.5
-2,42200,STARFRUIT,4990,28,0.0,0.0,0.0,0.0,4997,28,0.0,0.0,0.0,0.0,4993.5,452.859375,4993.5
-2,42300,STARFRUIT,4990,20,0.0,0.0,0.0,0.0,4991,7,4995.0,2.0,4997.0,20.0,4990.5,456.8125,4993.2040816326535
-2,42400,STARFRUIT,4990,1,4989.0,29.0,0.0,0.0,4996,31,0.0,0.0,0.0,0.0,4993.0,470.73046875,4992.573770491803
-2,42500,STARFRUIT,4989,24,0.0,0.0,0.0,0.0,4996,24,0.0,0.0,0.0,0.0,4992.5,475.19140625,4992.5
-2,42600,STARFRUIT,4989,26,0.0,0.0,0.0,0.0,4996,26,0.0,0.0,0.0,0.0,4992.5,479.921875,4992.5
-2,42700,STARFRUIT,4989,26,0.0,0.0,0.0,0.0,4996,26,0.0,0.0,0.0,0.0,4992.5,483.91796875,4992.5
-2,42800,STARFRUIT,4989,30,0.0,0.0,0.0,0.0,4996,30,0.0,0.0,0.0,0.0,4992.5,483.2734375,4992.5
-2,42900,STARFRUIT,4988,25,0.0,0.0,0.0,0.0,4995,25,0.0,0.0,0.0,0.0,4991.5,485.0625,4991.5
-2,43000,STARFRUIT,4991,2,4990.0,23.0,0.0,0.0,4996,23,0.0,0.0,0.0,0.0,4993.5,480.984375,4992.916666666667
-2,43100,STARFRUIT,4989,21,0.0,0.0,0.0,0.0,4996,21,0.0,0.0,0.0,0.0,4992.5,482.57421875,4992.5
-2,43200,STARFRUIT,4990,1,4989.0,20.0,0.0,0.0,4996,21,0.0,0.0,0.0,0.0,4993.0,482.2265625,4992.523809523809
-2,43300,STARFRUIT,4989,25,0.0,0.0,0.0,0.0,4994,2,4996.0,25.0,0.0,0.0,4991.5,482.875,4992.557692307692
-2,43400,STARFRUIT,4994,4,4989.0,24.0,0.0,0.0,4996,24,0.0,0.0,0.0,0.0,4995.0,483.9921875,4992.615384615385
-2,43500,STARFRUIT,4990,22,0.0,0.0,0.0,0.0,4995,7,4997.0,23.0,0.0,0.0,4992.5,484.0234375,4993.7692307692305
-2,43600,STARFRUIT,4990,5,4989.0,21.0,0.0,0.0,4996,23,0.0,0.0,0.0,0.0,4993.0,486.12109375,4992.3877551020405
-2,43700,STARFRUIT,4990,24,0.0,0.0,0.0,0.0,4997,24,0.0,0.0,0.0,0.0,4993.5,480.296875,4993.5
-2,43800,STARFRUIT,4991,9,4990.0,26.0,0.0,0.0,4997,28,0.0,0.0,0.0,0.0,4994.0,475.3046875,4993.253968253968
-2,43900,STARFRUIT,4991,6,4990.0,30.0,0.0,0.0,4997,30,0.0,0.0,0.0,0.0,4994.0,479.890625,4993.272727272727
-2,44000,STARFRUIT,4991,2,4990.0,20.0,0.0,0.0,4995,3,4997.0,22.0,0.0,0.0,4993.0,475.36328125,4993.63829787234
-2,44100,STARFRUIT,4990,24,0.0,0.0,0.0,0.0,4997,24,0.0,0.0,0.0,0.0,4993.5,478.22265625,4993.5
-2,44200,STARFRUIT,4991,21,0.0,0.0,0.0,0.0,4998,21,0.0,0.0,0.0,0.0,4994.5,466.25390625,4994.5
-2,44300,STARFRUIT,4991,27,0.0,0.0,0.0,0.0,4998,27,0.0,0.0,0.0,0.0,4994.5,467.953125,4994.5
-2,44400,STARFRUIT,4991,28,0.0,0.0,0.0,0.0,4998,28,0.0,0.0,0.0,0.0,4994.5,472.078125,4994.5
-2,44500,STARFRUIT,4995,1,4991.0,2.0,4990.0,21.0,4997,21,0.0,0.0,0.0,0.0,4996.0,480.44921875,4993.422222222222
-2,44600,STARFRUIT,4990,1,4989.0,23.0,0.0,0.0,4996,24,0.0,0.0,0.0,0.0,4993.0,486.1171875,4992.520833333333
-2,44700,STARFRUIT,4989,29,0.0,0.0,0.0,0.0,4996,29,0.0,0.0,0.0,0.0,4992.5,488.66796875,4992.5
-2,44800,STARFRUIT,4989,29,0.0,0.0,0.0,0.0,4996,29,0.0,0.0,0.0,0.0,4992.5,493.046875,4992.5
-2,44900,STARFRUIT,4989,2,4988.0,25.0,0.0,0.0,4995,26,0.0,0.0,0.0,0.0,4992.0,498.4296875,4991.471698113208
-2,45000,STARFRUIT,4988,26,0.0,0.0,0.0,0.0,4995,26,0.0,0.0,0.0,0.0,4991.5,501.484375,4991.5
-2,45100,STARFRUIT,4988,27,0.0,0.0,0.0,0.0,4993,5,4995.0,27.0,0.0,0.0,4990.5,502.390625,4991.627118644068
-2,45200,STARFRUIT,4989,1,4988.0,28.0,0.0,0.0,4993,6,4995.0,29.0,0.0,0.0,4991.0,496.05859375,4991.65625
-2,45300,STARFRUIT,4989,4,4988.0,22.0,0.0,0.0,4995,22,0.0,0.0,0.0,0.0,4992.0,503.5234375,4991.291666666667
-2,45400,STARFRUIT,4988,22,0.0,0.0,0.0,0.0,4993,2,4994.0,2.0,4995.0,21.0,4990.5,505.94140625,4991.595744680851
-2,45500,STARFRUIT,4987,25,0.0,0.0,0.0,0.0,4990,3,4994.0,25.0,0.0,0.0,4988.5,510.125,4990.471698113208
-2,45600,STARFRUIT,4988,7,4987.0,26.0,0.0,0.0,4994,26,0.0,0.0,0.0,0.0,4991.0,516.765625,4990.203389830508
-2,45700,STARFRUIT,4986,24,0.0,0.0,0.0,0.0,4993,24,0.0,0.0,0.0,0.0,4989.5,522.30859375,4989.5
-2,45800,STARFRUIT,4986,27,0.0,0.0,0.0,0.0,4992,1,4993.0,27.0,0.0,0.0,4989.0,526.27734375,4989.545454545455
-2,45900,STARFRUIT,4987,4,4986.0,31.0,0.0,0.0,4993,31,0.0,0.0,0.0,0.0,4990.0,523.15234375,4989.348484848485
-2,46000,STARFRUIT,4986,26,0.0,0.0,0.0,0.0,4993,26,0.0,0.0,0.0,0.0,4989.5,529.1015625,4989.5
-2,46100,STARFRUIT,4986,25,0.0,0.0,0.0,0.0,4992,2,4993.0,23.0,0.0,0.0,4989.0,531.890625,4989.46
-2,46200,STARFRUIT,4986,28,0.0,0.0,0.0,0.0,4993,28,0.0,0.0,0.0,0.0,4989.5,528.7421875,4989.5
-2,46300,STARFRUIT,4986,29,0.0,0.0,0.0,0.0,4993,29,0.0,0.0,0.0,0.0,4989.5,527.30078125,4989.5
-2,46400,STARFRUIT,4986,22,0.0,0.0,0.0,0.0,4993,22,0.0,0.0,0.0,0.0,4989.5,528.46875,4989.5
-2,46500,STARFRUIT,4989,6,4986.0,31.0,0.0,0.0,4993,31,0.0,0.0,0.0,0.0,4991.0,526.48828125,4989.455882352941
-2,46600,STARFRUIT,4987,3,4986.0,28.0,0.0,0.0,4993,28,0.0,0.0,0.0,0.0,4990.0,528.84375,4989.372881355932
-2,46700,STARFRUIT,4986,26,0.0,0.0,0.0,0.0,4993,26,0.0,0.0,0.0,0.0,4989.5,527.2578125,4989.5
-2,46800,STARFRUIT,4987,1,4986.0,21.0,0.0,0.0,4993,22,0.0,0.0,0.0,0.0,4990.0,524.1171875,4989.522727272727
-2,46900,STARFRUIT,4992,1,4986.0,32.0,0.0,0.0,4993,32,0.0,0.0,0.0,0.0,4992.5,526.9140625,4989.538461538462
-2,47000,STARFRUIT,4986,21,0.0,0.0,0.0,0.0,4992,1,4993.0,20.0,0.0,0.0,4989.0,538.0625,4989.476190476191
-2,47100,STARFRUIT,4986,26,0.0,0.0,0.0,0.0,4988,4,4993.0,26.0,0.0,0.0,4987.0,527.203125,4989.392857142857
-2,47200,STARFRUIT,4987,2,4986.0,28.0,0.0,0.0,4993,30,0.0,0.0,0.0,0.0,4990.0,530.0390625,4989.533333333334
-2,47300,STARFRUIT,4987,25,0.0,0.0,0.0,0.0,4992,1,4994.0,25.0,0.0,0.0,4989.5,510.6328125,4990.529411764706
-2,47400,STARFRUIT,4988,1,4987.0,24.0,0.0,0.0,4994,24,0.0,0.0,0.0,0.0,4991.0,514.8046875,4990.448979591837
-2,47500,STARFRUIT,4988,30,0.0,0.0,0.0,0.0,4993,6,4995.0,30.0,0.0,0.0,4990.5,509.390625,4991.636363636364
-2,47600,STARFRUIT,4988,1,4987.0,27.0,0.0,0.0,4994,28,0.0,0.0,0.0,0.0,4991.0,512.1640625,4990.517857142857
-2,47700,STARFRUIT,4988,1,4987.0,22.0,0.0,0.0,4994,23,0.0,0.0,0.0,0.0,4991.0,510.5703125,4990.521739130435
-2,47800,STARFRUIT,4988,23,0.0,0.0,0.0,0.0,4995,23,0.0,0.0,0.0,0.0,4991.5,505.2734375,4991.5
-2,47900,STARFRUIT,4987,27,0.0,0.0,0.0,0.0,4994,27,0.0,0.0,0.0,0.0,4990.5,510.375,4990.5
-2,48000,STARFRUIT,4987,27,0.0,0.0,0.0,0.0,4994,27,0.0,0.0,0.0,0.0,4990.5,511.0234375,4990.5
-2,48100,STARFRUIT,4989,1,4988.0,21.0,0.0,0.0,4994,21,0.0,0.0,0.0,0.0,4991.5,510.015625,4990.953488372093
-2,48200,STARFRUIT,4988,25,0.0,0.0,0.0,0.0,4995,25,0.0,0.0,0.0,0.0,4991.5,511.3515625,4991.5
-2,48300,STARFRUIT,4988,29,0.0,0.0,0.0,0.0,4991,5,4995.0,29.0,0.0,0.0,4989.5,507.8046875,4991.460317460317
-2,48400,STARFRUIT,4989,1,4988.0,27.0,0.0,0.0,4995,27,0.0,0.0,0.0,0.0,4992.0,501.6953125,4991.454545454545
-2,48500,STARFRUIT,4990,1,4989.0,29.0,0.0,0.0,4996,29,0.0,0.0,0.0,0.0,4993.0,496.734375,4992.457627118644
-2,48600,STARFRUIT,4990,1,4989.0,29.0,0.0,0.0,4995,1,4996.0,28.0,0.0,0.0,4992.5,495.1796875,4992.440677966101
-2,48700,STARFRUIT,4989,1,4988.0,22.0,0.0,0.0,4995,23,0.0,0.0,0.0,0.0,4992.0,497.265625,4991.521739130435
-2,48800,STARFRUIT,4989,5,4988.0,24.0,0.0,0.0,4995,24,0.0,0.0,0.0,0.0,4992.0,504.0078125,4991.264150943396
-2,48900,STARFRUIT,4989,7,4988.0,27.0,0.0,0.0,4995,27,0.0,0.0,0.0,0.0,4992.0,508.4140625,4991.213114754099
-2,49000,STARFRUIT,4989,7,4988.0,32.0,0.0,0.0,4994,2,4995.0,30.0,0.0,0.0,4991.5,511.578125,4991.225352112676
-2,49100,STARFRUIT,4989,8,4988.0,32.0,0.0,0.0,4995,32,0.0,0.0,0.0,0.0,4992.0,507.515625,4991.222222222223
-2,49200,STARFRUIT,4988,21,0.0,0.0,0.0,0.0,4994,1,4995.0,20.0,0.0,0.0,4991.0,509.703125,4991.476190476191
-2,49300,STARFRUIT,4987,22,0.0,0.0,0.0,0.0,4988,1,4994.0,22.0,0.0,0.0,4987.5,533.828125,4990.444444444444
-2,49400,STARFRUIT,4992,14,4987.0,20.0,0.0,0.0,4994,20,0.0,0.0,0.0,0.0,4993.0,528.8671875,4990.888888888889
-2,49500,STARFRUIT,4988,8,4987.0,32.0,0.0,0.0,4994,32,0.0,0.0,0.0,0.0,4991.0,535.265625,4990.222222222223
-2,49600,STARFRUIT,4992,1,4987.0,24.0,0.0,0.0,4994,24,0.0,0.0,0.0,0.0,4993.0,541.375,4990.530612244898
-2,49700,STARFRUIT,4987,28,0.0,0.0,0.0,0.0,4993,2,4994.0,26.0,0.0,0.0,4990.0,543.1875,4990.464285714285
-2,49800,STARFRUIT,4987,25,0.0,0.0,0.0,0.0,4988,5,4994.0,25.0,0.0,0.0,4987.5,539.4375,4990.272727272727
-2,49900,STARFRUIT,4986,23,0.0,0.0,0.0,0.0,4993,23,0.0,0.0,0.0,0.0,4989.5,558.6484375,4989.5
-2,50000,STARFRUIT,4986,1,4985.0,20.0,0.0,0.0,4992,21,0.0,0.0,0.0,0.0,4989.0,567.578125,4988.523809523809
-2,50100,STARFRUIT,4986,24,0.0,0.0,0.0,0.0,4991,2,4993.0,24.0,0.0,0.0,4988.5,566.203125,4989.56
-2,50200,STARFRUIT,4985,24,0.0,0.0,0.0,0.0,4992,24,0.0,0.0,0.0,0.0,4988.5,569.109375,4988.5
-2,50300,STARFRUIT,4985,30,0.0,0.0,0.0,0.0,4992,30,0.0,0.0,0.0,0.0,4988.5,576.0,4988.5
-2,50400,STARFRUIT,4985,23,0.0,0.0,0.0,0.0,4988,2,4990.0,1.0,4992.0,23.0,4986.5,580.3203125,4988.510204081633
-2,50500,STARFRUIT,4986,2,4985.0,23.0,0.0,0.0,4992,25,0.0,0.0,0.0,0.0,4989.0,569.328125,4988.54
-2,50600,STARFRUIT,4985,23,0.0,0.0,0.0,0.0,4986,8,4992.0,23.0,0.0,0.0,4985.5,572.96875,4988.12962962963
-2,50700,STARFRUIT,4986,2,4985.0,22.0,0.0,0.0,4992,24,0.0,0.0,0.0,0.0,4989.0,567.3125,4988.541666666667
-2,50800,STARFRUIT,4991,1,4986.0,24.0,0.0,0.0,4993,24,0.0,0.0,0.0,0.0,4992.0,561.03125,4989.530612244898
-2,50900,STARFRUIT,4986,28,0.0,0.0,0.0,0.0,4991,4,4992.0,1.0,4993.0,27.0,4988.5,564.625,4989.583333333333
-2,51000,STARFRUIT,4986,28,0.0,0.0,0.0,0.0,4993,28,0.0,0.0,0.0,0.0,4989.5,561.125,4989.5
-2,51100,STARFRUIT,4986,26,0.0,0.0,0.0,0.0,4992,1,4993.0,25.0,0.0,0.0,4989.0,564.71875,4989.4807692307695
-2,51200,STARFRUIT,4986,2,4985.0,28.0,0.0,0.0,4992,30,0.0,0.0,0.0,0.0,4989.0,569.5859375,4988.533333333334
-2,51300,STARFRUIT,4985,25,0.0,0.0,0.0,0.0,4992,25,0.0,0.0,0.0,0.0,4988.5,578.5546875,4988.5
-2,51400,STARFRUIT,4985,30,0.0,0.0,0.0,0.0,4992,30,0.0,0.0,0.0,0.0,4988.5,607.61328125,4988.5
-2,51500,STARFRUIT,4991,1,4985.0,30.0,0.0,0.0,4992,30,0.0,0.0,0.0,0.0,4991.5,608.7265625,4988.540983606557
-2,51600,STARFRUIT,4988,5,4985.0,24.0,0.0,0.0,4992,24,0.0,0.0,0.0,0.0,4990.0,612.87890625,4988.452830188679
-2,51700,STARFRUIT,4984,20,0.0,0.0,0.0,0.0,4986,4,4991.0,20.0,0.0,0.0,4985.0,616.46875,4987.363636363636
-2,51800,STARFRUIT,4985,25,0.0,0.0,0.0,0.0,4992,25,0.0,0.0,0.0,0.0,4988.5,621.36328125,4988.5
-2,51900,STARFRUIT,4990,4,4986.0,1.0,4985.0,23.0,4992,24,0.0,0.0,0.0,0.0,4991.0,620.185546875,4988.634615384615
-2,52000,STARFRUIT,4985,29,0.0,0.0,0.0,0.0,4990,6,4992.0,29.0,0.0,0.0,4987.5,624.80078125,4988.640625
-2,52100,STARFRUIT,4985,21,0.0,0.0,0.0,0.0,4992,21,0.0,0.0,0.0,0.0,4988.5,627.015625,4988.5
-2,52200,STARFRUIT,4985,31,0.0,0.0,0.0,0.0,4991,2,4992.0,29.0,0.0,0.0,4988.0,631.88671875,4988.467741935484
-2,52300,STARFRUIT,4990,1,4985.0,28.0,0.0,0.0,4991,1,4992.0,27.0,0.0,0.0,4990.5,630.96484375,4988.508771929824
-2,52400,STARFRUIT,4985,30,0.0,0.0,0.0,0.0,4991,1,4992.0,29.0,0.0,0.0,4988.0,631.8125,4988.483333333334
-2,52500,STARFRUIT,4990,1,4984.0,28.0,0.0,0.0,4991,28,0.0,0.0,0.0,0.0,4990.5,636.85546875,4987.543859649123
-2,52600,STARFRUIT,4985,23,0.0,0.0,0.0,0.0,4988,4,4991.0,1.0,4992.0,22.0,4986.5,634.5625,4988.44
-2,52700,STARFRUIT,4985,26,0.0,0.0,0.0,0.0,4992,27,0.0,0.0,0.0,0.0,4988.5,631.48828125,4988.566037735849
-2,52800,STARFRUIT,4985,26,0.0,0.0,0.0,0.0,4992,26,0.0,0.0,0.0,0.0,4988.5,635.3203125,4988.5
-2,52900,STARFRUIT,4984,30,0.0,0.0,0.0,0.0,4991,30,0.0,0.0,0.0,0.0,4987.5,637.5390625,4987.5
-2,53000,STARFRUIT,4984,21,0.0,0.0,0.0,0.0,4991,21,0.0,0.0,0.0,0.0,4987.5,639.24609375,4987.5
-2,53100,STARFRUIT,4984,24,0.0,0.0,0.0,0.0,4991,24,0.0,0.0,0.0,0.0,4987.5,638.6171875,4987.5
-2,53200,STARFRUIT,4990,1,4984.0,31.0,0.0,0.0,4991,31,0.0,0.0,0.0,0.0,4990.5,639.203125,4987.539682539683
-2,53300,STARFRUIT,4984,29,0.0,0.0,0.0,0.0,4991,29,0.0,0.0,0.0,0.0,4987.5,648.6953125,4987.5
-2,53400,STARFRUIT,4984,25,0.0,0.0,0.0,0.0,4991,25,0.0,0.0,0.0,0.0,4987.5,642.2578125,4987.5
-2,53500,STARFRUIT,4984,23,0.0,0.0,0.0,0.0,4991,23,0.0,0.0,0.0,0.0,4987.5,640.8828125,4987.5
-2,53600,STARFRUIT,4985,24,0.0,0.0,0.0,0.0,4992,24,0.0,0.0,0.0,0.0,4988.5,635.3828125,4988.5
-2,53700,STARFRUIT,4985,30,0.0,0.0,0.0,0.0,4992,30,0.0,0.0,0.0,0.0,4988.5,629.90625,4988.5
-2,53800,STARFRUIT,4985,30,0.0,0.0,0.0,0.0,4992,30,0.0,0.0,0.0,0.0,4988.5,630.82421875,4988.5
-2,53900,STARFRUIT,4986,2,4985.0,25.0,0.0,0.0,4992,27,0.0,0.0,0.0,0.0,4989.0,629.3359375,4988.537037037037
-2,54000,STARFRUIT,4986,31,0.0,0.0,0.0,0.0,4991,1,4992.0,1.0,4993.0,30.0,4988.5,629.96484375,4989.507936507936
-2,54100,STARFRUIT,4986,24,0.0,0.0,0.0,0.0,4991,2,4993.0,24.0,0.0,0.0,4988.5,626.0,4989.56
-2,54200,STARFRUIT,4986,28,0.0,0.0,0.0,0.0,4993,28,0.0,0.0,0.0,0.0,4989.5,629.171875,4989.5
-2,54300,STARFRUIT,4991,1,4986.0,25.0,0.0,0.0,4992,2,4993.0,23.0,0.0,0.0,4991.5,632.1328125,4989.490196078431
-2,54400,STARFRUIT,4986,29,0.0,0.0,0.0,0.0,4993,29,0.0,0.0,0.0,0.0,4989.5,633.890625,4989.5
-2,54500,STARFRUIT,4986,1,4985.0,20.0,0.0,0.0,4992,21,0.0,0.0,0.0,0.0,4989.0,638.0390625,4988.523809523809
-2,54600,STARFRUIT,4985,27,0.0,0.0,0.0,0.0,4992,27,0.0,0.0,0.0,0.0,4988.5,640.921875,4988.5
-2,54700,STARFRUIT,4984,29,0.0,0.0,0.0,0.0,4986,4,4991.0,29.0,0.0,0.0,4985.0,651.421875,4987.403225806452
-2,54800,STARFRUIT,4984,27,0.0,0.0,0.0,0.0,4989,1,4991.0,27.0,0.0,0.0,4986.5,658.078125,4987.527272727273
-2,54900,STARFRUIT,4984,29,0.0,0.0,0.0,0.0,4991,29,0.0,0.0,0.0,0.0,4987.5,661.7578125,4987.5
-2,55000,STARFRUIT,4985,6,4984.0,30.0,0.0,0.0,4990,2,4991.0,28.0,0.0,0.0,4987.5,663.75,4987.242424242424
-2,55100,STARFRUIT,4985,8,4984.0,29.0,0.0,0.0,4991,29,0.0,0.0,0.0,0.0,4988.0,663.94921875,4987.19696969697
-2,55200,STARFRUIT,4984,23,0.0,0.0,0.0,0.0,4985,5,4989.0,8.0,4990.0,2.0,4984.5,668.3515625,4985.5
-2,55300,STARFRUIT,4985,2,4984.0,27.0,0.0,0.0,4991,29,0.0,0.0,0.0,0.0,4988.0,675.0546875,4987.5344827586205
-2,55400,STARFRUIT,4986,2,4985.0,22.0,0.0,0.0,4991,1,4992.0,21.0,0.0,0.0,4988.5,674.572265625,4988.369565217391
-2,55500,STARFRUIT,4990,1,4985.0,4.0,4984.0,25.0,4991,25,0.0,0.0,0.0,0.0,4990.5,677.947265625,4987.363636363636
-2,55600,STARFRUIT,4985,3,4984.0,26.0,0.0,0.0,4991,26,0.0,0.0,0.0,0.0,4988.0,680.08203125,4987.363636363636
-2,55700,STARFRUIT,4985,2,4984.0,23.0,0.0,0.0,4991,23,0.0,0.0,0.0,0.0,4988.0,681.7421875,4987.395833333333
-2,55800,STARFRUIT,4984,27,0.0,0.0,0.0,0.0,4991,27,0.0,0.0,0.0,0.0,4987.5,682.12109375,4987.5
-2,55900,STARFRUIT,4984,22,0.0,0.0,0.0,0.0,4991,22,0.0,0.0,0.0,0.0,4987.5,683.7578125,4987.5
-2,56000,STARFRUIT,4984,2,4983.0,22.0,0.0,0.0,4985,3,4990.0,24.0,0.0,0.0,4984.5,685.451171875,4986.450980392156
-2,56100,STARFRUIT,4983,22,0.0,0.0,0.0,0.0,4990,22,0.0,0.0,0.0,0.0,4986.5,691.837890625,4986.5
-2,56200,STARFRUIT,4987,2,4983.0,30.0,0.0,0.0,4990,30,0.0,0.0,0.0,0.0,4988.5,692.587890625,4986.5161290322585
-2,56300,STARFRUIT,4983,8,4982.0,25.0,0.0,0.0,4989,27,0.0,0.0,0.0,0.0,4986.0,694.765625,4985.283333333334
-2,56400,STARFRUIT,4982,31,0.0,0.0,0.0,0.0,4989,31,0.0,0.0,0.0,0.0,4985.5,695.564453125,4985.5
-2,56500,STARFRUIT,4982,29,0.0,0.0,0.0,0.0,4989,29,0.0,0.0,0.0,0.0,4985.5,695.583984375,4985.5
-2,56600,STARFRUIT,4983,2,4982.0,29.0,0.0,0.0,4989,31,0.0,0.0,0.0,0.0,4986.0,694.1552734375,4985.532258064516
-2,56700,STARFRUIT,4987,6,4983.0,2.0,4982.0,24.0,4989,26,0.0,0.0,0.0,0.0,4988.0,694.5068359375,4985.689655172414
-2,56800,STARFRUIT,4982,24,0.0,0.0,0.0,0.0,4989,24,0.0,0.0,0.0,0.0,4985.5,702.85546875,4985.5
-2,56900,STARFRUIT,4983,4,4982.0,20.0,0.0,0.0,4989,22,0.0,0.0,0.0,0.0,4986.0,700.7890625,4985.434782608696
-2,57000,STARFRUIT,4983,28,0.0,0.0,0.0,0.0,4988,8,4989.0,1.0,4990.0,27.0,4985.5,698.87109375,4986.671875
-2,57100,STARFRUIT,4984,2,4983.0,25.0,0.0,0.0,4990,27,0.0,0.0,0.0,0.0,4987.0,693.15625,4986.537037037037
-2,57200,STARFRUIT,4989,1,4984.0,27.0,0.0,0.0,4990,27,0.0,0.0,0.0,0.0,4989.5,691.0703125,4987.036363636364
-2,57300,STARFRUIT,4984,1,4983.0,26.0,0.0,0.0,4990,27,0.0,0.0,0.0,0.0,4987.0,693.1640625,4986.518518518518
-2,57400,STARFRUIT,4984,24,0.0,0.0,0.0,0.0,4989,2,4991.0,24.0,0.0,0.0,4986.5,687.8515625,4987.56
-2,57500,STARFRUIT,4989,5,4986.0,5.0,4985.0,25.0,4991,2,4992.0,23.0,0.0,0.0,4990.0,681.78515625,4988.3
-2,57600,STARFRUIT,4984,24,0.0,0.0,0.0,0.0,4991,24,0.0,0.0,0.0,0.0,4987.5,689.0234375,4987.5
-2,57700,STARFRUIT,4985,29,0.0,0.0,0.0,0.0,4991,29,0.0,0.0,0.0,0.0,4988.0,688.09375,4988.0
-2,57800,STARFRUIT,4984,31,0.0,0.0,0.0,0.0,4991,31,0.0,0.0,0.0,0.0,4987.5,698.125,4987.5
-2,57900,STARFRUIT,4984,27,0.0,0.0,0.0,0.0,4987,6,4989.0,5.0,4990.0,2.0,4985.5,700.3046875,4985.375
-2,58000,STARFRUIT,4984,5,4983.0,24.0,0.0,0.0,4990,25,0.0,0.0,0.0,0.0,4987.0,704.72265625,4986.333333333333
-2,58100,STARFRUIT,4983,23,0.0,0.0,0.0,0.0,4990,23,0.0,0.0,0.0,0.0,4986.5,728.1640625,4986.5
-2,58200,STARFRUIT,4983,31,0.0,0.0,0.0,0.0,4990,31,0.0,0.0,0.0,0.0,4986.5,732.0,4986.5
-2,58300,STARFRUIT,4983,29,0.0,0.0,0.0,0.0,4990,29,0.0,0.0,0.0,0.0,4986.5,733.34375,4986.5
-2,58400,STARFRUIT,4983,23,0.0,0.0,0.0,0.0,4988,1,4990.0,23.0,0.0,0.0,4985.5,734.1796875,4986.531914893617
-2,58500,STARFRUIT,4983,21,0.0,0.0,0.0,0.0,4990,21,0.0,0.0,0.0,0.0,4986.5,769.818359375,4986.5
-2,58600,STARFRUIT,4983,25,0.0,0.0,0.0,0.0,4988,7,4990.0,25.0,0.0,0.0,4985.5,769.36328125,4986.684210526316
-2,58700,STARFRUIT,4984,2,4983.0,32.0,0.0,0.0,4990,32,0.0,0.0,0.0,0.0,4987.0,770.482421875,4986.424242424242
-2,58800,STARFRUIT,4982,29,0.0,0.0,0.0,0.0,4989,29,0.0,0.0,0.0,0.0,4985.5,773.048828125,4985.5
-2,58900,STARFRUIT,4983,25,0.0,0.0,0.0,0.0,4990,25,0.0,0.0,0.0,0.0,4986.5,770.599609375,4986.5
-2,59000,STARFRUIT,4984,22,0.0,0.0,0.0,0.0,4990,2,4991.0,20.0,0.0,0.0,4987.0,767.787109375,4987.454545454545
-2,59100,STARFRUIT,4984,7,4983.0,27.0,0.0,0.0,4990,27,0.0,0.0,0.0,0.0,4987.0,768.693359375,4986.213114754099
-2,59200,STARFRUIT,4984,31,0.0,0.0,0.0,0.0,4990,2,4991.0,29.0,0.0,0.0,4987.0,769.5,4987.467741935484
-2,59300,STARFRUIT,4983,26,0.0,0.0,0.0,0.0,4988,2,4990.0,27.0,0.0,0.0,4985.5,773.14453125,4986.618181818182
-2,59400,STARFRUIT,4983,1,4982.0,21.0,0.0,0.0,4989,22,0.0,0.0,0.0,0.0,4986.0,776.87109375,4985.522727272727
-2,59500,STARFRUIT,4982,23,0.0,0.0,0.0,0.0,4989,23,0.0,0.0,0.0,0.0,4985.5,777.51953125,4985.5
-2,59600,STARFRUIT,4983,29,0.0,0.0,0.0,0.0,4990,29,0.0,0.0,0.0,0.0,4986.5,774.015625,4986.5
-2,59700,STARFRUIT,4982,21,0.0,0.0,0.0,0.0,4989,21,0.0,0.0,0.0,0.0,4985.5,776.515625,4985.5
-2,59800,STARFRUIT,4982,25,0.0,0.0,0.0,0.0,4989,25,0.0,0.0,0.0,0.0,4985.5,778.5078125,4985.5
-2,59900,STARFRUIT,4983,24,0.0,0.0,0.0,0.0,4989,1,4990.0,23.0,0.0,0.0,4986.0,774.681640625,4986.479166666667
-2,60000,STARFRUIT,4982,22,0.0,0.0,0.0,0.0,4989,22,0.0,0.0,0.0,0.0,4985.5,779.19921875,4985.5
-2,60100,STARFRUIT,4982,27,0.0,0.0,0.0,0.0,4989,27,0.0,0.0,0.0,0.0,4985.5,779.94140625,4985.5
-2,60200,STARFRUIT,4987,3,4982.0,25.0,0.0,0.0,4989,25,0.0,0.0,0.0,0.0,4988.0,778.58984375,4985.584905660377
-2,60300,STARFRUIT,4983,1,4982.0,27.0,0.0,0.0,4989,28,0.0,0.0,0.0,0.0,4986.0,782.671875,4985.517857142857
-2,60400,STARFRUIT,4983,1,4982.0,20.0,0.0,0.0,4989,21,0.0,0.0,0.0,0.0,4986.0,781.9296875,4985.523809523809
-2,60500,STARFRUIT,4984,1,4983.0,23.0,0.0,0.0,4990,24,0.0,0.0,0.0,0.0,4987.0,771.5234375,4986.520833333333
-2,60600,STARFRUIT,4984,2,4983.0,24.0,0.0,0.0,4990,24,0.0,0.0,0.0,0.0,4987.0,776.00390625,4986.4
-2,60700,STARFRUIT,4983,22,0.0,0.0,0.0,0.0,4988,5,4990.0,22.0,0.0,0.0,4985.5,777.2578125,4986.65306122449
-2,60800,STARFRUIT,4983,31,0.0,0.0,0.0,0.0,4990,32,0.0,0.0,0.0,0.0,4986.5,778.21875,4986.555555555556
-2,60900,STARFRUIT,4983,31,0.0,0.0,0.0,0.0,4984,3,4987.0,4.0,4989.0,31.0,4983.5,780.96484375,4985.971014492754
-2,61000,STARFRUIT,4982,28,0.0,0.0,0.0,0.0,4989,28,0.0,0.0,0.0,0.0,4985.5,790.7109375,4985.5
-2,61100,STARFRUIT,4983,29,0.0,0.0,0.0,0.0,4988,3,4990.0,29.0,0.0,0.0,4985.5,786.28515625,4986.573770491803
-2,61200,STARFRUIT,4983,22,0.0,0.0,0.0,0.0,4986,2,4989.0,1.0,4990.0,21.0,4984.5,785.6796875,4986.45652173913
-2,61300,STARFRUIT,4982,23,0.0,0.0,0.0,0.0,4989,23,0.0,0.0,0.0,0.0,4985.5,790.57421875,4985.5
-2,61400,STARFRUIT,4982,31,0.0,0.0,0.0,0.0,4988,1,4989.0,30.0,0.0,0.0,4985.0,792.53515625,4985.4838709677415
-2,61500,STARFRUIT,4982,29,0.0,0.0,0.0,0.0,4989,29,0.0,0.0,0.0,0.0,4985.5,791.4140625,4985.5
-2,61600,STARFRUIT,4982,30,0.0,0.0,0.0,0.0,4987,5,4989.0,30.0,0.0,0.0,4984.5,790.296875,4985.615384615385
-2,61700,STARFRUIT,4981,26,0.0,0.0,0.0,0.0,4986,7,4988.0,27.0,0.0,0.0,4983.5,794.30859375,4984.733333333334
-2,61800,STARFRUIT,4981,20,0.0,0.0,0.0,0.0,4988,20,0.0,0.0,0.0,0.0,4984.5,794.56640625,4984.5
-2,61900,STARFRUIT,4982,26,0.0,0.0,0.0,0.0,4989,26,0.0,0.0,0.0,0.0,4985.5,793.84765625,4985.5
-2,62000,STARFRUIT,4987,1,4982.0,20.0,0.0,0.0,4989,20,0.0,0.0,0.0,0.0,4988.0,798.41015625,4985.536585365854
-2,62100,STARFRUIT,4982,25,0.0,0.0,0.0,0.0,4989,25,0.0,0.0,0.0,0.0,4985.5,798.671875,4985.5
-2,62200,STARFRUIT,4981,25,0.0,0.0,0.0,0.0,4988,25,0.0,0.0,0.0,0.0,4984.5,805.921875,4984.5
-2,62300,STARFRUIT,4982,22,0.0,0.0,0.0,0.0,4989,22,0.0,0.0,0.0,0.0,4985.5,798.59375,4985.5
-2,62400,STARFRUIT,4982,25,0.0,0.0,0.0,0.0,4987,8,4989.0,25.0,0.0,0.0,4984.5,797.76171875,4985.706896551724
-2,62500,STARFRUIT,4984,2,4983.0,24.0,0.0,0.0,4989,1,4990.0,23.0,0.0,0.0,4986.5,790.59375,4986.38
-2,62600,STARFRUIT,4984,29,0.0,0.0,0.0,0.0,4991,29,0.0,0.0,0.0,0.0,4987.5,779.2265625,4987.5
-2,62700,STARFRUIT,4984,26,0.0,0.0,0.0,0.0,4990,2,4991.0,24.0,0.0,0.0,4987.0,779.87109375,4987.461538461538
-2,62800,STARFRUIT,4983,26,0.0,0.0,0.0,0.0,4984,1,4988.0,1.0,4990.0,26.0,4983.5,784.78125,4986.481481481482
-2,62900,STARFRUIT,4984,29,0.0,0.0,0.0,0.0,4989,1,4990.0,2.0,4991.0,27.0,4986.5,784.421875,4987.4915254237285
-2,63000,STARFRUIT,4983,29,0.0,0.0,0.0,0.0,4988,4,4990.0,29.0,0.0,0.0,4985.5,785.07421875,4986.596774193548
-2,63100,STARFRUIT,4984,1,4983.0,24.0,0.0,0.0,4990,26,0.0,0.0,0.0,0.0,4987.0,786.6953125,4986.588235294118
-2,63200,STARFRUIT,4983,28,0.0,0.0,0.0,0.0,4990,28,0.0,0.0,0.0,0.0,4986.5,790.3984375,4986.5
-2,63300,STARFRUIT,4984,32,0.0,0.0,0.0,0.0,4990,2,4991.0,30.0,0.0,0.0,4987.0,784.37109375,4987.46875
-2,63400,STARFRUIT,4988,3,4984.0,2.0,4983.0,24.0,4990,26,0.0,0.0,0.0,0.0,4989.0,785.95703125,4986.618181818182
-2,63500,STARFRUIT,4984,2,4983.0,20.0,0.0,0.0,4990,20,0.0,0.0,0.0,0.0,4987.0,790.97265625,4986.380952380952
-2,63600,STARFRUIT,4988,1,4983.0,21.0,0.0,0.0,4990,21,0.0,0.0,0.0,0.0,4989.0,792.58203125,4986.53488372093
-2,63700,STARFRUIT,4983,8,4982.0,30.0,0.0,0.0,4989,30,0.0,0.0,0.0,0.0,4986.0,796.7265625,4985.205882352941
-2,63800,STARFRUIT,4982,21,0.0,0.0,0.0,0.0,4987,7,4989.0,22.0,0.0,0.0,4984.5,796.16796875,4985.78
-2,63900,STARFRUIT,4982,21,0.0,0.0,0.0,0.0,4987,6,4989.0,21.0,0.0,0.0,4984.5,797.671875,4985.6875
-2,64000,STARFRUIT,4982,30,0.0,0.0,0.0,0.0,4989,30,0.0,0.0,0.0,0.0,4985.5,801.4609375,4985.5
-2,64100,STARFRUIT,4982,27,0.0,0.0,0.0,0.0,4989,27,0.0,0.0,0.0,0.0,4985.5,801.7265625,4985.5
-2,64200,STARFRUIT,4982,25,0.0,0.0,0.0,0.0,4988,1,4989.0,24.0,0.0,0.0,4985.0,803.77734375,4985.48
-2,64300,STARFRUIT,4982,23,0.0,0.0,0.0,0.0,4989,23,0.0,0.0,0.0,0.0,4985.5,801.484375,4985.5
-2,64400,STARFRUIT,4983,4,4982.0,27.0,0.0,0.0,4989,29,0.0,0.0,0.0,0.0,4986.0,797.484375,4985.45
-2,64500,STARFRUIT,4983,2,4982.0,27.0,0.0,0.0,4987,6,4989.0,29.0,0.0,0.0,4985.0,798.640625,4985.671875
-2,64600,STARFRUIT,4982,26,0.0,0.0,0.0,0.0,4989,26,0.0,0.0,0.0,0.0,4985.5,800.69921875,4985.5
-2,64700,STARFRUIT,4982,28,0.0,0.0,0.0,0.0,4989,28,0.0,0.0,0.0,0.0,4985.5,800.07421875,4985.5
-2,64800,STARFRUIT,4983,2,4982.0,30.0,0.0,0.0,4989,32,0.0,0.0,0.0,0.0,4986.0,797.24609375,4985.53125
-2,64900,STARFRUIT,4983,2,4982.0,29.0,0.0,0.0,4987,3,4989.0,31.0,0.0,0.0,4985.0,797.26171875,4985.6
-2,65000,STARFRUIT,4983,25,0.0,0.0,0.0,0.0,4990,25,0.0,0.0,0.0,0.0,4986.5,796.82421875,4986.5
-2,65100,STARFRUIT,4983,25,0.0,0.0,0.0,0.0,4989,2,4990.0,23.0,0.0,0.0,4986.0,796.9140625,4986.46
-2,65200,STARFRUIT,4988,1,4983.0,29.0,0.0,0.0,4990,29,0.0,0.0,0.0,0.0,4989.0,795.93359375,4986.525423728814
-2,65300,STARFRUIT,4983,21,0.0,0.0,0.0,0.0,4988,2,4990.0,21.0,0.0,0.0,4985.5,795.55859375,4986.568181818182
-2,65400,STARFRUIT,4983,28,0.0,0.0,0.0,0.0,4986,3,4989.0,2.0,4990.0,26.0,4984.5,798.08984375,4986.440677966101
-2,65500,STARFRUIT,4983,9,4982.0,27.0,0.0,0.0,4989,29,0.0,0.0,0.0,0.0,4986.0,799.546875,4985.261538461538
-2,65600,STARFRUIT,4982,20,0.0,0.0,0.0,0.0,4989,20,0.0,0.0,0.0,0.0,4985.5,799.44921875,4985.5
-2,65700,STARFRUIT,4982,29,0.0,0.0,0.0,0.0,4989,29,0.0,0.0,0.0,0.0,4985.5,801.04296875,4985.5
-2,65800,STARFRUIT,4982,20,0.0,0.0,0.0,0.0,4987,7,4989.0,20.0,0.0,0.0,4984.5,800.72265625,4985.723404255319
-2,65900,STARFRUIT,4983,6,4982.0,23.0,0.0,0.0,4989,24,0.0,0.0,0.0,0.0,4986.0,799.44921875,4985.2830188679245
-2,66000,STARFRUIT,4983,2,4982.0,22.0,0.0,0.0,4989,24,0.0,0.0,0.0,0.0,4986.0,799.50390625,4985.541666666667
-2,66100,STARFRUIT,4982,27,0.0,0.0,0.0,0.0,4989,27,0.0,0.0,0.0,0.0,4985.5,800.94921875,4985.5
-2,66200,STARFRUIT,4985,5,4982.0,20.0,0.0,0.0,4989,20,0.0,0.0,0.0,0.0,4987.0,802.8046875,4985.444444444444
-2,66300,STARFRUIT,4988,1,4984.0,2.0,4983.0,25.0,4989,1,4990.0,24.0,0.0,0.0,4988.5,798.63671875,4986.415094339623
-2,66400,STARFRUIT,4983,21,0.0,0.0,0.0,0.0,4990,21,0.0,0.0,0.0,0.0,4986.5,798.140625,4986.5
-2,66500,STARFRUIT,4983,2,4982.0,20.0,0.0,0.0,4989,22,0.0,0.0,0.0,0.0,4986.0,801.2578125,4985.545454545455
-2,66600,STARFRUIT,4982,22,0.0,0.0,0.0,0.0,4987,3,4989.0,22.0,0.0,0.0,4984.5,803.6015625,4985.595744680851
-2,66700,STARFRUIT,4983,27,0.0,0.0,0.0,0.0,4990,27,0.0,0.0,0.0,0.0,4986.5,798.39453125,4986.5
-2,66800,STARFRUIT,4983,30,0.0,0.0,0.0,0.0,4990,30,0.0,0.0,0.0,0.0,4986.5,794.19921875,4986.5
-2,66900,STARFRUIT,4989,1,4985.0,4.0,4984.0,23.0,4991,23,0.0,0.0,0.0,0.0,4990.0,793.84765625,4987.333333333333
-2,67000,STARFRUIT,4984,25,0.0,0.0,0.0,0.0,4991,25,0.0,0.0,0.0,0.0,4987.5,792.15234375,4987.5
-2,67100,STARFRUIT,4983,23,0.0,0.0,0.0,0.0,4990,23,0.0,0.0,0.0,0.0,4986.5,796.88671875,4986.5
-2,67200,STARFRUIT,4984,1,4983.0,20.0,0.0,0.0,4990,22,0.0,0.0,0.0,0.0,4987.0,815.8828125,4986.604651162791
-2,67300,STARFRUIT,4985,1,4984.0,30.0,0.0,0.0,4991,30,0.0,0.0,0.0,0.0,4988.0,810.8984375,4987.459016393443
-2,67400,STARFRUIT,4983,26,0.0,0.0,0.0,0.0,4990,26,0.0,0.0,0.0,0.0,4986.5,823.46875,4986.5
-2,67500,STARFRUIT,4983,20,0.0,0.0,0.0,0.0,4990,21,0.0,0.0,0.0,0.0,4986.5,828.7734375,4986.585365853659
-2,67600,STARFRUIT,4983,27,0.0,0.0,0.0,0.0,4990,27,0.0,0.0,0.0,0.0,4986.5,823.5078125,4986.5
-2,67700,STARFRUIT,4984,4,4983.0,29.0,0.0,0.0,4990,30,0.0,0.0,0.0,0.0,4987.0,822.1953125,4986.396825396825
-2,67800,STARFRUIT,4984,8,4983.0,30.0,0.0,0.0,4990,30,0.0,0.0,0.0,0.0,4987.0,826.9375,4986.205882352941
-2,67900,STARFRUIT,4983,25,0.0,0.0,0.0,0.0,4990,25,0.0,0.0,0.0,0.0,4986.5,824.6484375,4986.5
-2,68000,STARFRUIT,4984,23,0.0,0.0,0.0,0.0,4991,23,0.0,0.0,0.0,0.0,4987.5,811.9375,4987.5
-2,68100,STARFRUIT,4984,31,0.0,0.0,0.0,0.0,4989,4,4990.0,2.0,4991.0,29.0,4986.5,828.4921875,4987.560606060606
-2,68200,STARFRUIT,4989,1,4983.0,31.0,0.0,0.0,4990,31,0.0,0.0,0.0,0.0,4989.5,835.921875,4986.539682539683
-2,68300,STARFRUIT,4989,1,4983.0,29.0,0.0,0.0,4990,29,0.0,0.0,0.0,0.0,4989.5,838.578125,4986.542372881356
-2,68400,STARFRUIT,4983,28,0.0,0.0,0.0,0.0,4990,28,0.0,0.0,0.0,0.0,4986.5,843.3984375,4986.5
-2,68500,STARFRUIT,4984,23,0.0,0.0,0.0,0.0,4991,23,0.0,0.0,0.0,0.0,4987.5,835.140625,4987.5
-2,68600,STARFRUIT,4984,24,0.0,0.0,0.0,0.0,4990,1,4991.0,24.0,0.0,0.0,4987.0,834.1328125,4987.551020408163
-2,68700,STARFRUIT,4984,1,4983.0,27.0,0.0,0.0,4990,28,0.0,0.0,0.0,0.0,4987.0,839.2421875,4986.517857142857
-2,68800,STARFRUIT,4984,22,0.0,0.0,0.0,0.0,4991,22,0.0,0.0,0.0,0.0,4987.5,823.9921875,4987.5
-2,68900,STARFRUIT,4990,1,4984.0,28.0,0.0,0.0,4991,28,0.0,0.0,0.0,0.0,4990.5,827.1875,4987.543859649123
-2,69000,STARFRUIT,4984,30,0.0,0.0,0.0,0.0,4991,30,0.0,0.0,0.0,0.0,4987.5,826.4609375,4987.5
-2,69100,STARFRUIT,4985,31,0.0,0.0,0.0,0.0,4986,1,4991.0,31.0,0.0,0.0,4985.5,821.8984375,4987.9682539682535
-2,69200,STARFRUIT,4990,1,4989.0,2.0,4985.0,30.0,4992,30,0.0,0.0,0.0,0.0,4991.0,818.9375,4988.539682539683
-2,69300,STARFRUIT,4990,1,4985.0,21.0,0.0,0.0,4992,21,0.0,0.0,0.0,0.0,4991.0,819.4609375,4988.53488372093
-2,69400,STARFRUIT,4985,26,0.0,0.0,0.0,0.0,4992,26,0.0,0.0,0.0,0.0,4988.5,816.890625,4988.5
-2,69500,STARFRUIT,4986,6,4985.0,26.0,0.0,0.0,4992,26,0.0,0.0,0.0,0.0,4989.0,817.390625,4988.241379310345
-2,69600,STARFRUIT,4985,22,0.0,0.0,0.0,0.0,4992,23,0.0,0.0,0.0,0.0,4988.5,827.5625,4988.577777777778
-2,69700,STARFRUIT,4985,1,4984.0,20.0,0.0,0.0,4991,21,0.0,0.0,0.0,0.0,4988.0,829.1484375,4987.523809523809
-2,69800,STARFRUIT,4985,1,4984.0,23.0,0.0,0.0,4991,24,0.0,0.0,0.0,0.0,4988.0,833.4375,4987.520833333333
-2,69900,STARFRUIT,4985,2,4984.0,27.0,0.0,0.0,4991,29,0.0,0.0,0.0,0.0,4988.0,834.65625,4987.5344827586205
-2,70000,STARFRUIT,4985,2,4984.0,27.0,0.0,0.0,4991,29,0.0,0.0,0.0,0.0,4988.0,833.75,4987.5344827586205
-2,70100,STARFRUIT,4984,24,0.0,0.0,0.0,0.0,4985,1,4991.0,24.0,0.0,0.0,4984.5,837.984375,4987.448979591837
-2,70200,STARFRUIT,4985,22,0.0,0.0,0.0,0.0,4991,1,4992.0,21.0,0.0,0.0,4988.0,832.171875,4988.477272727273
-2,70300,STARFRUIT,4985,26,0.0,0.0,0.0,0.0,4992,26,0.0,0.0,0.0,0.0,4988.5,822.21875,4988.5
-2,70400,STARFRUIT,4984,26,0.0,0.0,0.0,0.0,4989,6,4991.0,26.0,0.0,0.0,4986.5,836.2265625,4987.6551724137935
-2,70500,STARFRUIT,4984,23,0.0,0.0,0.0,0.0,4987,3,4989.0,3.0,4991.0,23.0,4985.5,836.1796875,4987.557692307692
-2,70600,STARFRUIT,4985,6,4984.0,28.0,0.0,0.0,4991,28,0.0,0.0,0.0,0.0,4988.0,840.7109375,4987.258064516129
-2,70700,STARFRUIT,4983,26,0.0,0.0,0.0,0.0,4990,26,0.0,0.0,0.0,0.0,4986.5,858.3828125,4986.5
-2,70800,STARFRUIT,4983,27,0.0,0.0,0.0,0.0,4984,1,4990.0,27.0,0.0,0.0,4983.5,856.109375,4986.454545454545
-2,70900,STARFRUIT,4983,32,0.0,0.0,0.0,0.0,4990,32,0.0,0.0,0.0,0.0,4986.5,862.02734375,4986.5
-2,71000,STARFRUIT,4983,30,0.0,0.0,0.0,0.0,4990,30,0.0,0.0,0.0,0.0,4986.5,863.9765625,4986.5
-2,71100,STARFRUIT,4983,22,0.0,0.0,0.0,0.0,4989,1,4990.0,21.0,0.0,0.0,4986.0,867.3515625,4986.477272727273
-2,71200,STARFRUIT,4983,28,0.0,0.0,0.0,0.0,4990,29,0.0,0.0,0.0,0.0,4986.5,861.74609375,4986.561403508772
-2,71300,STARFRUIT,4984,2,4983.0,26.0,0.0,0.0,4988,4,4990.0,28.0,0.0,0.0,4986.0,855.35546875,4986.633333333333
-2,71400,STARFRUIT,4984,26,0.0,0.0,0.0,0.0,4990,2,4991.0,24.0,0.0,0.0,4987.0,853.93359375,4987.461538461538
-2,71500,STARFRUIT,4984,28,0.0,0.0,0.0,0.0,4985,3,4991.0,28.0,0.0,0.0,4984.5,850.3671875,4987.372881355932
-2,71600,STARFRUIT,4984,28,0.0,0.0,0.0,0.0,4991,28,0.0,0.0,0.0,0.0,4987.5,857.890625,4987.5
-2,71700,STARFRUIT,4984,31,0.0,0.0,0.0,0.0,4989,4,4991.0,31.0,0.0,0.0,4986.5,857.34375,4987.590909090909
-2,71800,STARFRUIT,4984,27,0.0,0.0,0.0,0.0,4990,2,4991.0,25.0,0.0,0.0,4987.0,876.859375,4987.462962962963
-2,71900,STARFRUIT,4984,26,0.0,0.0,0.0,0.0,4990,1,4991.0,25.0,0.0,0.0,4987.0,876.833984375,4987.4807692307695
-2,72000,STARFRUIT,4984,1,4983.0,20.0,0.0,0.0,4988,6,4990.0,21.0,0.0,0.0,4986.0,877.40234375,4986.708333333333
-2,72100,STARFRUIT,4983,21,0.0,0.0,0.0,0.0,4988,5,4990.0,21.0,0.0,0.0,4985.5,877.107421875,4986.659574468085
-2,72200,STARFRUIT,4988,3,4984.0,31.0,0.0,0.0,4991,31,0.0,0.0,0.0,0.0,4989.5,876.451171875,4987.523076923077
-2,72300,STARFRUIT,4984,23,0.0,0.0,0.0,0.0,4991,23,0.0,0.0,0.0,0.0,4987.5,878.015625,4987.5
-2,72400,STARFRUIT,4985,2,4984.0,20.0,0.0,0.0,4989,6,4991.0,22.0,0.0,0.0,4987.0,875.666015625,4987.72
-2,72500,STARFRUIT,4986,9,4985.0,25.0,0.0,0.0,4992,27,0.0,0.0,0.0,0.0,4989.0,870.322265625,4988.245901639344
-2,72600,STARFRUIT,4986,2,4985.0,29.0,0.0,0.0,4991,2,4992.0,27.0,0.0,0.0,4988.5,877.41796875,4988.383333333333
-2,72700,STARFRUIT,4985,23,0.0,0.0,0.0,0.0,4992,23,0.0,0.0,0.0,0.0,4988.5,877.38671875,4988.5
-2,72800,STARFRUIT,4984,20,0.0,0.0,0.0,0.0,4991,20,0.0,0.0,0.0,0.0,4987.5,878.75,4987.5
-2,72900,STARFRUIT,4984,24,0.0,0.0,0.0,0.0,4991,24,0.0,0.0,0.0,0.0,4987.5,879.84375,4987.5
-2,73000,STARFRUIT,4984,21,0.0,0.0,0.0,0.0,4989,2,4990.0,1.0,4991.0,21.0,4986.5,885.93359375,4987.622222222222
-2,73100,STARFRUIT,4984,31,0.0,0.0,0.0,0.0,4990,2,4991.0,29.0,0.0,0.0,4987.0,885.79296875,4987.467741935484
-2,73200,STARFRUIT,4984,21,0.0,0.0,0.0,0.0,4991,21,0.0,0.0,0.0,0.0,4987.5,886.51953125,4987.5
-2,73300,STARFRUIT,4984,1,4983.0,29.0,0.0,0.0,4990,30,0.0,0.0,0.0,0.0,4987.0,888.28515625,4986.516666666666
-2,73400,STARFRUIT,4983,30,0.0,0.0,0.0,0.0,4988,4,4990.0,30.0,0.0,0.0,4985.5,888.99609375,4986.59375
-2,73500,STARFRUIT,4983,25,0.0,0.0,0.0,0.0,4990,25,0.0,0.0,0.0,0.0,4986.5,890.6484375,4986.5
-2,73600,STARFRUIT,4982,25,0.0,0.0,0.0,0.0,4989,25,0.0,0.0,0.0,0.0,4985.5,897.171875,4985.5
-2,73700,STARFRUIT,4982,24,0.0,0.0,0.0,0.0,4989,24,0.0,0.0,0.0,0.0,4985.5,894.1796875,4985.5
-2,73800,STARFRUIT,4982,24,0.0,0.0,0.0,0.0,4987,5,4989.0,24.0,0.0,0.0,4984.5,895.03125,4985.641509433963
-2,73900,STARFRUIT,4982,30,0.0,0.0,0.0,0.0,4983,3,4989.0,30.0,0.0,0.0,4982.5,897.6796875,4985.380952380952
-2,74000,STARFRUIT,4982,26,0.0,0.0,0.0,0.0,4987,3,4989.0,26.0,0.0,0.0,4984.5,904.6171875,4985.581818181819
-2,74100,STARFRUIT,4985,6,4982.0,32.0,0.0,0.0,4989,32,0.0,0.0,0.0,0.0,4987.0,905.673828125,4985.457142857143
-2,74200,STARFRUIT,4981,22,0.0,0.0,0.0,0.0,4988,22,0.0,0.0,0.0,0.0,4984.5,912.328125,4984.5
-2,74300,STARFRUIT,4982,7,4981.0,30.0,0.0,0.0,4988,32,0.0,0.0,0.0,0.0,4985.0,908.8125,4984.347826086957
-2,74400,STARFRUIT,4981,30,0.0,0.0,0.0,0.0,4988,30,0.0,0.0,0.0,0.0,4984.5,915.48046875,4984.5
-2,74500,STARFRUIT,4984,3,4981.0,29.0,0.0,0.0,4988,29,0.0,0.0,0.0,0.0,4986.0,916.35546875,4984.475409836065
-2,74600,STARFRUIT,4981,29,0.0,0.0,0.0,0.0,4988,29,0.0,0.0,0.0,0.0,4984.5,915.5546875,4984.5
-2,74700,STARFRUIT,4981,32,0.0,0.0,0.0,0.0,4988,32,0.0,0.0,0.0,0.0,4984.5,908.59375,4984.5
-2,74800,STARFRUIT,4982,26,0.0,0.0,0.0,0.0,4988,1,4989.0,25.0,0.0,0.0,4985.0,902.45703125,4985.4807692307695
-2,74900,STARFRUIT,4982,31,0.0,0.0,0.0,0.0,4988,1,4989.0,30.0,0.0,0.0,4985.0,901.61328125,4985.4838709677415
-2,75000,STARFRUIT,4987,1,4981.0,27.0,0.0,0.0,4988,27,0.0,0.0,0.0,0.0,4987.5,905.56640625,4984.545454545455
-2,75100,STARFRUIT,4981,30,0.0,0.0,0.0,0.0,4988,30,0.0,0.0,0.0,0.0,4984.5,910.015625,4984.5
-2,75200,STARFRUIT,4986,3,4982.0,26.0,0.0,0.0,4988,2,4989.0,24.0,0.0,0.0,4987.0,903.96875,4985.490909090909
-2,75300,STARFRUIT,4983,1,4982.0,28.0,0.0,0.0,4989,29,0.0,0.0,0.0,0.0,4986.0,894.4921875,4985.517241379311
-2,75400,STARFRUIT,4983,31,0.0,0.0,0.0,0.0,4989,1,4990.0,30.0,0.0,0.0,4986.0,890.828125,4986.4838709677415
-2,75500,STARFRUIT,4983,6,4982.0,28.0,0.0,0.0,4989,30,0.0,0.0,0.0,0.0,4986.0,895.1953125,4985.375
-2,75600,STARFRUIT,4983,28,0.0,0.0,0.0,0.0,4989,2,4990.0,26.0,0.0,0.0,4986.0,892.6953125,4986.464285714285
-2,75700,STARFRUIT,4983,27,0.0,0.0,0.0,0.0,4988,3,4989.0,1.0,4990.0,26.0,4985.5,894.9453125,4986.561403508772
-2,75800,STARFRUIT,4983,1,4982.0,29.0,0.0,0.0,4989,30,0.0,0.0,0.0,0.0,4986.0,897.390625,4985.516666666666
-2,75900,STARFRUIT,4982,21,0.0,0.0,0.0,0.0,4989,21,0.0,0.0,0.0,0.0,4985.5,899.0625,4985.5
-2,76000,STARFRUIT,4983,32,0.0,0.0,0.0,0.0,4989,2,4990.0,30.0,0.0,0.0,4986.0,913.734375,4986.46875
-2,76100,STARFRUIT,4983,21,0.0,0.0,0.0,0.0,4989,1,4990.0,20.0,0.0,0.0,4986.0,912.7578125,4986.476190476191
-2,76200,STARFRUIT,4983,22,0.0,0.0,0.0,0.0,4990,22,0.0,0.0,0.0,0.0,4986.5,909.21484375,4986.5
-2,76300,STARFRUIT,4985,6,4984.0,27.0,0.0,0.0,4991,27,0.0,0.0,0.0,0.0,4988.0,947.23046875,4987.25
-2,76400,STARFRUIT,4984,28,0.0,0.0,0.0,0.0,4991,28,0.0,0.0,0.0,0.0,4987.5,948.24609375,4987.5
-2,76500,STARFRUIT,4984,6,4983.0,28.0,0.0,0.0,4990,28,0.0,0.0,0.0,0.0,4987.0,943.609375,4986.258064516129
-2,76600,STARFRUIT,4982,30,0.0,0.0,0.0,0.0,4989,30,0.0,0.0,0.0,0.0,4985.5,940.234375,4985.5
-2,76700,STARFRUIT,4982,26,0.0,0.0,0.0,0.0,4987,4,4989.0,26.0,0.0,0.0,4984.5,940.544921875,4985.607142857143
-2,76800,STARFRUIT,4982,25,0.0,0.0,0.0,0.0,4989,25,0.0,0.0,0.0,0.0,4985.5,940.4140625,4985.5
-2,76900,STARFRUIT,4983,24,0.0,0.0,0.0,0.0,4984,4,4985.0,2.0,4990.0,24.0,4983.5,944.697265625,4986.259259259259
-2,77000,STARFRUIT,4983,27,0.0,0.0,0.0,0.0,4990,27,0.0,0.0,0.0,0.0,4986.5,954.7421875,4986.5
-2,77100,STARFRUIT,4987,2,4986.0,3.0,4983.0,30.0,4990,30,0.0,0.0,0.0,0.0,4988.5,959.2578125,4986.492307692308
-2,77200,STARFRUIT,4984,1,4983.0,27.0,0.0,0.0,4988,7,4990.0,28.0,0.0,0.0,4986.0,962.197265625,4986.68253968254
-2,77300,STARFRUIT,4984,24,0.0,0.0,0.0,0.0,4991,24,0.0,0.0,0.0,0.0,4987.5,964.30859375,4987.5
-2,77400,STARFRUIT,4984,30,0.0,0.0,0.0,0.0,4991,30,0.0,0.0,0.0,0.0,4987.5,963.837890625,4987.5
-2,77500,STARFRUIT,4984,30,0.0,0.0,0.0,0.0,4991,30,0.0,0.0,0.0,0.0,4987.5,964.7734375,4987.5
-2,77600,STARFRUIT,4984,5,4983.0,25.0,0.0,0.0,4990,27,0.0,0.0,0.0,0.0,4987.0,962.515625,4986.403508771929
-2,77700,STARFRUIT,4983,26,0.0,0.0,0.0,0.0,4990,26,0.0,0.0,0.0,0.0,4986.5,975.9140625,4986.5
-2,77800,STARFRUIT,4984,26,0.0,0.0,0.0,0.0,4989,2,4990.0,1.0,4991.0,25.0,4986.5,983.2578125,4987.537037037037
-2,77900,STARFRUIT,4984,7,4983.0,32.0,0.0,0.0,4990,32,0.0,0.0,0.0,0.0,4987.0,974.859375,4986.2535211267605
-2,78000,STARFRUIT,4984,7,4983.0,23.0,0.0,0.0,4990,23,0.0,0.0,0.0,0.0,4987.0,980.34375,4986.169811320755
-2,78100,STARFRUIT,4984,23,0.0,0.0,0.0,0.0,4985,3,4990.0,2.0,4991.0,22.0,4984.5,984.3671875,4987.38
-2,78200,STARFRUIT,4984,27,0.0,0.0,0.0,0.0,4989,2,4991.0,27.0,0.0,0.0,4986.5,996.140625,4987.553571428572
-2,78300,STARFRUIT,4984,30,0.0,0.0,0.0,0.0,4991,30,0.0,0.0,0.0,0.0,4987.5,1002.6484375,4987.5
-2,78400,STARFRUIT,4984,26,0.0,0.0,0.0,0.0,4989,5,4991.0,26.0,0.0,0.0,4986.5,1006.671875,4987.631578947368
-2,78500,STARFRUIT,4984,23,0.0,0.0,0.0,0.0,4990,1,4991.0,22.0,0.0,0.0,4987.0,991.3359375,4987.478260869565
-2,78600,STARFRUIT,4983,22,0.0,0.0,0.0,0.0,4990,22,0.0,0.0,0.0,0.0,4986.5,984.140625,4986.5
-2,78700,STARFRUIT,4983,32,0.0,0.0,0.0,0.0,4984,2,4990.0,32.0,0.0,0.0,4983.5,979.828125,4986.424242424242
-2,78800,STARFRUIT,4984,4,4983.0,23.0,0.0,0.0,4990,23,0.0,0.0,0.0,0.0,4987.0,992.0625,4986.3
-2,78900,STARFRUIT,4988,1,4983.0,26.0,0.0,0.0,4990,26,0.0,0.0,0.0,0.0,4989.0,983.078125,4986.528301886792
-2,79000,STARFRUIT,4983,28,0.0,0.0,0.0,0.0,4984,3,4988.0,3.0,4990.0,28.0,4983.5,977.4609375,4986.451612903225
-2,79100,STARFRUIT,4982,23,0.0,0.0,0.0,0.0,4989,24,0.0,0.0,0.0,0.0,4985.5,974.5625,4985.574468085107
-2,79200,STARFRUIT,4983,21,0.0,0.0,0.0,0.0,4985,5,4988.0,2.0,4990.0,21.0,4984.0,985.0078125,4986.408163265306
-2,79300,STARFRUIT,4983,5,4982.0,29.0,0.0,0.0,4989,30,0.0,0.0,0.0,0.0,4986.0,975.0,4985.359375
-2,79400,STARFRUIT,4982,27,0.0,0.0,0.0,0.0,4989,28,0.0,0.0,0.0,0.0,4985.5,975.0,4985.563636363637
-2,79500,STARFRUIT,4982,26,0.0,0.0,0.0,0.0,4989,26,0.0,0.0,0.0,0.0,4985.5,975.0,4985.5
-2,79600,STARFRUIT,4981,25,0.0,0.0,0.0,0.0,4988,25,0.0,0.0,0.0,0.0,4984.5,975.0,4984.5
-2,79700,STARFRUIT,4981,24,0.0,0.0,0.0,0.0,4988,24,0.0,0.0,0.0,0.0,4984.5,1012.99609375,4984.5
-2,79800,STARFRUIT,4981,21,0.0,0.0,0.0,0.0,4986,8,4988.0,21.0,0.0,0.0,4983.5,1010.640625,4984.74
-2,79900,STARFRUIT,4981,29,0.0,0.0,0.0,0.0,4987,1,4988.0,29.0,0.0,0.0,4984.0,1002.484375,4984.542372881356
-2,80000,STARFRUIT,4981,2,4980.0,30.0,0.0,0.0,4987,32,0.0,0.0,0.0,0.0,4984.0,1000.30859375,4983.53125
-2,80100,STARFRUIT,4985,4,4980.0,29.0,0.0,0.0,4987,29,0.0,0.0,0.0,0.0,4986.0,995.12109375,4983.596774193548
-2,80200,STARFRUIT,4980,28,0.0,0.0,0.0,0.0,4987,28,0.0,0.0,0.0,0.0,4983.5,1001.5234375,4983.5
-2,80300,STARFRUIT,4981,1,4980.0,26.0,0.0,0.0,4987,27,0.0,0.0,0.0,0.0,4984.0,1002.81640625,4983.518518518518
-2,80400,STARFRUIT,4981,26,0.0,0.0,0.0,0.0,4988,26,0.0,0.0,0.0,0.0,4984.5,1008.1328125,4984.5
-2,80500,STARFRUIT,4981,28,0.0,0.0,0.0,0.0,4984,6,4988.0,28.0,0.0,0.0,4982.5,1008.08203125,4984.451612903225
-2,80600,STARFRUIT,4985,4,4981.0,26.0,0.0,0.0,4988,26,0.0,0.0,0.0,0.0,4986.5,1008.43359375,4984.535714285715
-2,80700,STARFRUIT,4981,31,0.0,0.0,0.0,0.0,4987,1,4988.0,30.0,0.0,0.0,4984.0,1009.7578125,4984.4838709677415
-2,80800,STARFRUIT,4986,1,4982.0,5.0,4981.0,30.0,4987,1,4988.0,29.0,0.0,0.0,4986.5,1009.705078125,4984.318181818182
-2,80900,STARFRUIT,4982,4,4981.0,21.0,0.0,0.0,4988,21,0.0,0.0,0.0,0.0,4985.0,1013.228515625,4984.282608695652
-2,81000,STARFRUIT,4980,29,0.0,0.0,0.0,0.0,4987,29,0.0,0.0,0.0,0.0,4983.5,1010.166015625,4983.5
-2,81100,STARFRUIT,4986,1,4981.0,26.0,0.0,0.0,4987,1,4988.0,25.0,0.0,0.0,4986.5,1011.208984375,4984.509433962264
-2,81200,STARFRUIT,4986,1,4980.0,22.0,0.0,0.0,4987,22,0.0,0.0,0.0,0.0,4986.5,1012.517578125,4983.555555555556
-2,81300,STARFRUIT,4981,1,4980.0,30.0,0.0,0.0,4987,31,0.0,0.0,0.0,0.0,4984.0,1014.7353515625,4983.5161290322585
-2,81400,STARFRUIT,4981,26,0.0,0.0,0.0,0.0,4985,7,4987.0,26.0,0.0,0.0,4983.0,1014.9921875,4984.118644067797
-2,81500,STARFRUIT,4982,6,4981.0,25.0,0.0,0.0,4988,25,0.0,0.0,0.0,0.0,4985.0,1015.666015625,4984.232142857143
-2,81600,STARFRUIT,4981,26,0.0,0.0,0.0,0.0,4988,26,0.0,0.0,0.0,0.0,4984.5,1015.853515625,4984.5
-2,81700,STARFRUIT,4982,6,4981.0,24.0,0.0,0.0,4988,24,0.0,0.0,0.0,0.0,4985.0,1015.5400390625,4984.222222222223
-2,81800,STARFRUIT,4981,25,0.0,0.0,0.0,0.0,4988,25,0.0,0.0,0.0,0.0,4984.5,1015.7861328125,4984.5
-2,81900,STARFRUIT,4981,30,0.0,0.0,0.0,0.0,4988,30,0.0,0.0,0.0,0.0,4984.5,1015.7939453125,4984.5
-2,82000,STARFRUIT,4981,22,0.0,0.0,0.0,0.0,4988,22,0.0,0.0,0.0,0.0,4984.5,1015.6298828125,4984.5
-2,82100,STARFRUIT,4981,27,0.0,0.0,0.0,0.0,4988,27,0.0,0.0,0.0,0.0,4984.5,1015.791015625,4984.5
-2,82200,STARFRUIT,4982,2,4981.0,23.0,0.0,0.0,4988,25,0.0,0.0,0.0,0.0,4985.0,1016.4833984375,4984.54
-2,82300,STARFRUIT,4982,2,4981.0,26.0,0.0,0.0,4988,28,0.0,0.0,0.0,0.0,4985.0,1016.591796875,4984.535714285715
-2,82400,STARFRUIT,4982,1,4981.0,20.0,0.0,0.0,4988,21,0.0,0.0,0.0,0.0,4985.0,1016.7138671875,4984.523809523809
-2,82500,STARFRUIT,4981,22,0.0,0.0,0.0,0.0,4988,23,0.0,0.0,0.0,0.0,4984.5,1015.689453125,4984.577777777778
-2,82600,STARFRUIT,4981,27,0.0,0.0,0.0,0.0,4982,3,4986.0,7.0,4988.0,27.0,4981.5,1015.5869140625,4984.546875
-2,82700,STARFRUIT,4980,22,0.0,0.0,0.0,0.0,4987,22,0.0,0.0,0.0,0.0,4983.5,1018.775390625,4983.5
-2,82800,STARFRUIT,4981,2,4980.0,20.0,0.0,0.0,4987,22,0.0,0.0,0.0,0.0,4984.0,1020.19921875,4983.545454545455
-2,82900,STARFRUIT,4980,21,0.0,0.0,0.0,0.0,4987,21,0.0,0.0,0.0,0.0,4983.5,1020.865234375,4983.5
-2,83000,STARFRUIT,4981,1,4980.0,24.0,0.0,0.0,4987,25,0.0,0.0,0.0,0.0,4984.0,1022.919921875,4983.52
-2,83100,STARFRUIT,4983,4,4982.0,29.0,0.0,0.0,4988,2,4989.0,27.0,0.0,0.0,4985.5,1027.671875,4985.306451612903
-2,83200,STARFRUIT,4982,27,0.0,0.0,0.0,0.0,4988,27,0.0,0.0,0.0,0.0,4985.0,1027.037109375,4985.0
-2,83300,STARFRUIT,4982,26,0.0,0.0,0.0,0.0,4989,26,0.0,0.0,0.0,0.0,4985.5,1029.146484375,4985.5
-2,83400,STARFRUIT,4982,28,0.0,0.0,0.0,0.0,4989,28,0.0,0.0,0.0,0.0,4985.5,1029.78515625,4985.5
-2,83500,STARFRUIT,4982,27,0.0,0.0,0.0,0.0,4989,27,0.0,0.0,0.0,0.0,4985.5,1028.896484375,4985.5
-2,83600,STARFRUIT,4982,23,0.0,0.0,0.0,0.0,4988,1,4989.0,22.0,0.0,0.0,4985.0,1027.556640625,4985.478260869565
-2,83700,STARFRUIT,4982,24,0.0,0.0,0.0,0.0,4989,25,0.0,0.0,0.0,0.0,4985.5,1028.447265625,4985.571428571428
-2,83800,STARFRUIT,4983,2,4982.0,28.0,0.0,0.0,4989,30,0.0,0.0,0.0,0.0,4986.0,1030.66015625,4985.533333333334
-2,83900,STARFRUIT,4983,27,0.0,0.0,0.0,0.0,4990,27,0.0,0.0,0.0,0.0,4986.5,1031.21875,4986.5
-2,84000,STARFRUIT,4987,1,4983.0,4.0,4982.0,25.0,4989,25,0.0,0.0,0.0,0.0,4988.0,1028.8125,4985.345454545454
-2,84100,STARFRUIT,4982,21,0.0,0.0,0.0,0.0,4988,1,4989.0,20.0,0.0,0.0,4985.0,1027.154296875,4985.476190476191
-2,84200,STARFRUIT,4982,7,4981.0,27.0,0.0,0.0,4988,29,0.0,0.0,0.0,0.0,4985.0,1026.7890625,4984.333333333333
-2,84300,STARFRUIT,4982,32,0.0,0.0,0.0,0.0,4989,32,0.0,0.0,0.0,0.0,4985.5,1028.94140625,4985.5
-2,84400,STARFRUIT,4982,20,0.0,0.0,0.0,0.0,4989,20,0.0,0.0,0.0,0.0,4985.5,1029.388671875,4985.5
-2,84500,STARFRUIT,4983,4,4982.0,24.0,0.0,0.0,4989,24,0.0,0.0,0.0,0.0,4986.0,1029.90625,4985.307692307692
-2,84600,STARFRUIT,4988,1,4983.0,25.0,0.0,0.0,4989,2,4990.0,23.0,0.0,0.0,4988.5,1031.826171875,4986.490196078431
-2,84700,STARFRUIT,4983,30,0.0,0.0,0.0,0.0,4989,1,4990.0,29.0,0.0,0.0,4986.0,1033.373046875,4986.483333333334
-2,84800,STARFRUIT,4984,3,4983.0,30.0,0.0,0.0,4989,2,4990.0,28.0,0.0,0.0,4986.5,1033.265625,4986.349206349207
-2,84900,STARFRUIT,4983,29,0.0,0.0,0.0,0.0,4988,1,4990.0,29.0,0.0,0.0,4985.5,1033.044921875,4986.525423728814
-2,85000,STARFRUIT,4982,24,0.0,0.0,0.0,0.0,4989,24,0.0,0.0,0.0,0.0,4985.5,1030.923828125,4985.5
-2,85100,STARFRUIT,4982,26,0.0,0.0,0.0,0.0,4989,26,0.0,0.0,0.0,0.0,4985.5,1031.478515625,4985.5
-2,85200,STARFRUIT,4982,24,0.0,0.0,0.0,0.0,4989,24,0.0,0.0,0.0,0.0,4985.5,1099.310546875,4985.5
-2,85300,STARFRUIT,4984,2,4983.0,23.0,0.0,0.0,4989,1,4990.0,22.0,0.0,0.0,4986.5,1100.083984375,4986.375
-2,85400,STARFRUIT,4983,4,4982.0,22.0,0.0,0.0,4989,22,0.0,0.0,0.0,0.0,4986.0,1099.1376953125,4985.291666666667
-2,85500,STARFRUIT,4982,30,0.0,0.0,0.0,0.0,4988,2,4989.0,28.0,0.0,0.0,4985.0,1098.4873046875,4985.466666666666
-2,85600,STARFRUIT,4987,4,4983.0,7.0,4982.0,22.0,4989,22,0.0,0.0,0.0,0.0,4988.0,1099.228515625,4985.290909090909
-2,85700,STARFRUIT,4982,28,0.0,0.0,0.0,0.0,4989,28,0.0,0.0,0.0,0.0,4985.5,1104.5166015625,4985.5
-2,85800,STARFRUIT,4983,30,0.0,0.0,0.0,0.0,4986,6,4990.0,31.0,0.0,0.0,4984.5,1103.42578125,4986.507462686567
-2,85900,STARFRUIT,4983,1,4982.0,30.0,0.0,0.0,4989,31,0.0,0.0,0.0,0.0,4986.0,1104.11328125,4985.5161290322585
-2,86000,STARFRUIT,4986,5,4983.0,26.0,0.0,0.0,4989,2,4990.0,24.0,0.0,0.0,4987.5,1103.955078125,4986.421052631579
-2,86100,STARFRUIT,4983,1,4982.0,26.0,0.0,0.0,4989,27,0.0,0.0,0.0,0.0,4986.0,1105.73046875,4985.518518518518
-2,86200,STARFRUIT,4983,1,4982.0,23.0,0.0,0.0,4984,3,4989.0,24.0,0.0,0.0,4983.5,1104.87109375,4985.431372549019
-2,86300,STARFRUIT,4982,28,0.0,0.0,0.0,0.0,4989,28,0.0,0.0,0.0,0.0,4985.5,1111.271484375,4985.5
-2,86400,STARFRUIT,4983,4,4982.0,30.0,0.0,0.0,4989,31,0.0,0.0,0.0,0.0,4986.0,1110.423828125,4985.4
-2,86500,STARFRUIT,4983,27,0.0,0.0,0.0,0.0,4990,27,0.0,0.0,0.0,0.0,4986.5,1108.708984375,4986.5
-2,86600,STARFRUIT,4983,25,0.0,0.0,0.0,0.0,4988,1,4990.0,25.0,0.0,0.0,4985.5,1107.638671875,4986.529411764706
-2,86700,STARFRUIT,4985,1,4982.0,21.0,0.0,0.0,4987,3,4989.0,21.0,0.0,0.0,4986.0,1110.515625,4985.586956521739
-2,86800,STARFRUIT,4983,25,0.0,0.0,0.0,0.0,4989,1,4990.0,24.0,0.0,0.0,4986.0,1109.0234375,4986.48
-2,86900,STARFRUIT,4987,2,4983.0,21.0,0.0,0.0,4990,21,0.0,0.0,0.0,0.0,4988.5,1108.31640625,4986.522727272727
-2,87000,STARFRUIT,4983,22,0.0,0.0,0.0,0.0,4989,22,0.0,0.0,0.0,0.0,4986.0,1109.9765625,4986.0
-2,87100,STARFRUIT,4983,4,4982.0,21.0,0.0,0.0,4989,21,0.0,0.0,0.0,0.0,4986.0,1111.38671875,4985.282608695652
-2,87200,STARFRUIT,4982,28,0.0,0.0,0.0,0.0,4989,28,0.0,0.0,0.0,0.0,4985.5,1111.376953125,4985.5
-2,87300,STARFRUIT,4983,2,4982.0,30.0,0.0,0.0,4989,32,0.0,0.0,0.0,0.0,4986.0,1110.46875,4985.53125
-2,87400,STARFRUIT,4982,28,0.0,0.0,0.0,0.0,4983,1,4989.0,28.0,0.0,0.0,4982.5,1111.189453125,4985.456140350877
-2,87500,STARFRUIT,4982,30,0.0,0.0,0.0,0.0,4989,30,0.0,0.0,0.0,0.0,4985.5,1115.8271484375,4985.5
-2,87600,STARFRUIT,4982,23,0.0,0.0,0.0,0.0,4989,23,0.0,0.0,0.0,0.0,4985.5,1115.494140625,4985.5
-2,87700,STARFRUIT,4982,20,0.0,0.0,0.0,0.0,4989,21,0.0,0.0,0.0,0.0,4985.5,1115.2939453125,4985.585365853659
-2,87800,STARFRUIT,4983,27,0.0,0.0,0.0,0.0,4990,27,0.0,0.0,0.0,0.0,4986.5,1112.3876953125,4986.5
-2,87900,STARFRUIT,4982,24,0.0,0.0,0.0,0.0,4989,24,0.0,0.0,0.0,0.0,4985.5,1113.92578125,4985.5
-2,88000,STARFRUIT,4983,27,0.0,0.0,0.0,0.0,4990,27,0.0,0.0,0.0,0.0,4986.5,1112.2265625,4986.5
-2,88100,STARFRUIT,4984,27,0.0,0.0,0.0,0.0,4991,27,0.0,0.0,0.0,0.0,4987.5,1116.228515625,4987.5
-2,88200,STARFRUIT,4985,8,4984.0,24.0,0.0,0.0,4991,24,0.0,0.0,0.0,0.0,4988.0,1135.9453125,4987.142857142857
-2,88300,STARFRUIT,4985,24,0.0,0.0,0.0,0.0,4991,1,4992.0,24.0,0.0,0.0,4988.0,1129.359375,4988.551020408163
-2,88400,STARFRUIT,4985,30,0.0,0.0,0.0,0.0,4990,8,4992.0,30.0,0.0,0.0,4987.5,1128.984375,4988.676470588235
-2,88500,STARFRUIT,4985,28,0.0,0.0,0.0,0.0,4992,28,0.0,0.0,0.0,0.0,4988.5,1125.10546875,4988.5
-2,88600,STARFRUIT,4985,23,0.0,0.0,0.0,0.0,4986,2,4988.0,5.0,4992.0,23.0,4985.5,1128.03125,4988.358490566037
-2,88700,STARFRUIT,4985,25,0.0,0.0,0.0,0.0,4990,4,4992.0,25.0,0.0,0.0,4987.5,1132.375,4988.611111111111
-2,88800,STARFRUIT,4985,2,4984.0,28.0,0.0,0.0,4986,2,4991.0,30.0,0.0,0.0,4985.5,1135.609375,4987.4838709677415
-2,88900,STARFRUIT,4984,24,0.0,0.0,0.0,0.0,4991,25,0.0,0.0,0.0,0.0,4987.5,1143.21875,4987.571428571428
-2,89000,STARFRUIT,4984,22,0.0,0.0,0.0,0.0,4989,3,4990.0,2.0,4991.0,20.0,4986.5,1143.87109375,4987.553191489362
-2,89100,STARFRUIT,4984,7,4983.0,26.0,0.0,0.0,4990,27,0.0,0.0,0.0,0.0,4987.0,1145.4453125,4986.266666666666
-2,89200,STARFRUIT,4984,28,0.0,0.0,0.0,0.0,4989,5,4990.0,1.0,4991.0,27.0,4986.5,1146.23828125,4987.606557377049
-2,89300,STARFRUIT,4984,28,0.0,0.0,0.0,0.0,4991,28,0.0,0.0,0.0,0.0,4987.5,1143.716796875,4987.5
-2,89400,STARFRUIT,4984,20,0.0,0.0,0.0,0.0,4991,20,0.0,0.0,0.0,0.0,4987.5,1144.05859375,4987.5
-2,89500,STARFRUIT,4984,31,0.0,0.0,0.0,0.0,4991,31,0.0,0.0,0.0,0.0,4987.5,1143.943359375,4987.5
-2,89600,STARFRUIT,4984,25,0.0,0.0,0.0,0.0,4989,6,4991.0,25.0,0.0,0.0,4986.5,1143.57421875,4987.660714285715
-2,89700,STARFRUIT,4985,1,4984.0,30.0,0.0,0.0,4990,2,4991.0,28.0,0.0,0.0,4987.5,1163.71875,4987.426229508197
-2,89800,STARFRUIT,4984,23,0.0,0.0,0.0,0.0,4991,24,0.0,0.0,0.0,0.0,4987.5,1162.0234375,4987.574468085107
-2,89900,STARFRUIT,4984,23,0.0,0.0,0.0,0.0,4991,23,0.0,0.0,0.0,0.0,4987.5,1161.9609375,4987.5
-2,90000,STARFRUIT,4984,29,0.0,0.0,0.0,0.0,4990,1,4991.0,28.0,0.0,0.0,4987.0,1166.4921875,4987.482758620689
-2,90100,STARFRUIT,4984,8,4983.0,28.0,0.0,0.0,4990,28,0.0,0.0,0.0,0.0,4987.0,1172.625,4986.1875
-2,90200,STARFRUIT,4983,4,4982.0,23.0,0.0,0.0,4989,23,0.0,0.0,0.0,0.0,4986.0,1183.65625,4985.3
-2,90300,STARFRUIT,4983,2,4982.0,21.0,0.0,0.0,4989,23,0.0,0.0,0.0,0.0,4986.0,1185.0546875,4985.54347826087
-2,90400,STARFRUIT,4983,8,4982.0,26.0,0.0,0.0,4989,28,0.0,0.0,0.0,0.0,4986.0,1183.3125,4985.290322580645
-2,90500,STARFRUIT,4983,26,0.0,0.0,0.0,0.0,4990,26,0.0,0.0,0.0,0.0,4986.5,1175.859375,4986.5
-2,90600,STARFRUIT,4984,1,4983.0,22.0,0.0,0.0,4990,23,0.0,0.0,0.0,0.0,4987.0,1169.578125,4986.521739130435
-2,90700,STARFRUIT,4984,26,0.0,0.0,0.0,0.0,4991,26,0.0,0.0,0.0,0.0,4987.5,1161.5,4987.5
-2,90800,STARFRUIT,4984,25,0.0,0.0,0.0,0.0,4991,25,0.0,0.0,0.0,0.0,4987.5,1159.4453125,4987.5
-2,90900,STARFRUIT,4990,1,4985.0,25.0,0.0,0.0,4992,25,0.0,0.0,0.0,0.0,4991.0,1153.03125,4988.529411764706
-2,91000,STARFRUIT,4990,1,4984.0,30.0,0.0,0.0,4991,30,0.0,0.0,0.0,0.0,4990.5,1156.1953125,4987.540983606557
-2,91100,STARFRUIT,4985,23,0.0,0.0,0.0,0.0,4991,2,4992.0,21.0,0.0,0.0,4988.0,1154.2265625,4988.45652173913
-2,91200,STARFRUIT,4985,22,0.0,0.0,0.0,0.0,4992,22,0.0,0.0,0.0,0.0,4988.5,1150.921875,4988.5
-2,91300,STARFRUIT,4987,3,4986.0,20.0,0.0,0.0,4993,20,0.0,0.0,0.0,0.0,4990.0,1138.5625,4989.325581395349
-2,91400,STARFRUIT,4987,1,4986.0,20.0,0.0,0.0,4993,21,0.0,0.0,0.0,0.0,4990.0,1137.2265625,4989.523809523809
-2,91500,STARFRUIT,4986,23,0.0,0.0,0.0,0.0,4993,23,0.0,0.0,0.0,0.0,4989.5,1144.3203125,4989.5
-2,91600,STARFRUIT,4989,2,4986.0,27.0,0.0,0.0,4993,27,0.0,0.0,0.0,0.0,4991.0,1178.8095703125,4989.482142857143
-2,91700,STARFRUIT,4991,1,4990.0,4.0,4986.0,30.0,4993,30,0.0,0.0,0.0,0.0,4992.0,1178.494140625,4989.553846153846
-2,91800,STARFRUIT,4991,1,4986.0,26.0,0.0,0.0,4993,26,0.0,0.0,0.0,0.0,4992.0,1178.46923828125,4989.528301886792
-2,91900,STARFRUIT,4989,3,4986.0,30.0,0.0,0.0,4993,30,0.0,0.0,0.0,0.0,4991.0,1178.3515625,4989.476190476191
-2,92000,STARFRUIT,4985,28,0.0,0.0,0.0,0.0,4990,1,4992.0,28.0,0.0,0.0,4987.5,1177.98974609375,4988.526315789473
-2,92100,STARFRUIT,4986,28,0.0,0.0,0.0,0.0,4993,28,0.0,0.0,0.0,0.0,4989.5,1178.0390625,4989.5
-2,92200,STARFRUIT,4987,1,4986.0,22.0,0.0,0.0,4993,23,0.0,0.0,0.0,0.0,4990.0,1178.51171875,4989.521739130435
-2,92300,STARFRUIT,4986,26,0.0,0.0,0.0,0.0,4993,26,0.0,0.0,0.0,0.0,4989.5,1200.62890625,4989.5
-2,92400,STARFRUIT,4986,25,0.0,0.0,0.0,0.0,4993,25,0.0,0.0,0.0,0.0,4989.5,1230.46142578125,4989.5
-2,92500,STARFRUIT,4986,23,0.0,0.0,0.0,0.0,4993,23,0.0,0.0,0.0,0.0,4989.5,1230.63427734375,4989.5
-2,92600,STARFRUIT,4992,1,4986.0,25.0,0.0,0.0,4993,25,0.0,0.0,0.0,0.0,4992.5,1230.390625,4989.549019607844
-2,92700,STARFRUIT,4987,4,4986.0,29.0,0.0,0.0,4993,29,0.0,0.0,0.0,0.0,4990.0,1233.083984375,4989.3387096774195
-2,92800,STARFRUIT,4986,22,0.0,0.0,0.0,0.0,4992,2,4993.0,20.0,0.0,0.0,4989.0,1234.84765625,4989.454545454545
-2,92900,STARFRUIT,4986,1,4985.0,26.0,0.0,0.0,4992,27,0.0,0.0,0.0,0.0,4989.0,1235.1044921875,4988.518518518518
-2,93000,STARFRUIT,4986,7,4985.0,20.0,0.0,0.0,4992,20,0.0,0.0,0.0,0.0,4989.0,1235.27880859375,4988.127659574468
-2,93100,STARFRUIT,4990,3,4986.0,1.0,4985.0,21.0,4992,22,0.0,0.0,0.0,0.0,4991.0,1235.16455078125,4988.617021276596
-2,93200,STARFRUIT,4985,21,0.0,0.0,0.0,0.0,4990,2,4992.0,21.0,0.0,0.0,4987.5,1240.123046875,4988.568181818182
-2,93300,STARFRUIT,4990,1,4985.0,29.0,0.0,0.0,4992,29,0.0,0.0,0.0,0.0,4991.0,1240.267578125,4988.525423728814
-2,93400,STARFRUIT,4985,29,0.0,0.0,0.0,0.0,4992,29,0.0,0.0,0.0,0.0,4988.5,1240.95703125,4988.5
-2,93500,STARFRUIT,4989,2,4986.0,26.0,0.0,0.0,4991,6,4993.0,26.0,0.0,0.0,4990.0,1236.314453125,4989.633333333333
-2,93600,STARFRUIT,4987,6,4986.0,27.0,0.0,0.0,4993,29,0.0,0.0,0.0,0.0,4990.0,1234.6171875,4989.370967741936
-2,93700,STARFRUIT,4985,25,0.0,0.0,0.0,0.0,4992,25,0.0,0.0,0.0,0.0,4988.5,1243.86328125,4988.5
-2,93800,STARFRUIT,4986,5,4985.0,30.0,0.0,0.0,4992,30,0.0,0.0,0.0,0.0,4989.0,1245.0859375,4988.307692307692
-2,93900,STARFRUIT,4986,3,4985.0,28.0,0.0,0.0,4992,28,0.0,0.0,0.0,0.0,4989.0,1246.037109375,4988.372881355932
-2,94000,STARFRUIT,4985,31,0.0,0.0,0.0,0.0,4992,31,0.0,0.0,0.0,0.0,4988.5,1245.27734375,4988.5
-2,94100,STARFRUIT,4987,3,4986.0,30.0,0.0,0.0,4993,30,0.0,0.0,0.0,0.0,4990.0,1241.5390625,4989.380952380952
-2,94200,STARFRUIT,4986,22,0.0,0.0,0.0,0.0,4993,22,0.0,0.0,0.0,0.0,4989.5,1239.77734375,4989.5
-2,94300,STARFRUIT,4986,1,4985.0,26.0,0.0,0.0,4992,26,0.0,0.0,0.0,0.0,4989.0,1245.2734375,4988.452830188679
-2,94400,STARFRUIT,4985,29,0.0,0.0,0.0,0.0,4992,29,0.0,0.0,0.0,0.0,4988.5,1244.546875,4988.5
-2,94500,STARFRUIT,4985,25,0.0,0.0,0.0,0.0,4992,25,0.0,0.0,0.0,0.0,4988.5,1246.671875,4988.5
-2,94600,STARFRUIT,4985,22,0.0,0.0,0.0,0.0,4992,22,0.0,0.0,0.0,0.0,4988.5,1245.53125,4988.5
-2,94700,STARFRUIT,4986,21,0.0,0.0,0.0,0.0,4991,6,4993.0,21.0,0.0,0.0,4988.5,1241.75390625,4989.6875
-2,94800,STARFRUIT,4986,1,4985.0,27.0,0.0,0.0,4990,1,4992.0,28.0,0.0,0.0,4988.0,1244.796875,4988.543859649123
-2,94900,STARFRUIT,4986,27,0.0,0.0,0.0,0.0,4993,27,0.0,0.0,0.0,0.0,4989.5,1241.73046875,4989.5
-2,95000,STARFRUIT,4991,1,4985.0,22.0,0.0,0.0,4992,22,0.0,0.0,0.0,0.0,4991.5,1266.34765625,4988.555555555556
-2,95100,STARFRUIT,4985,25,0.0,0.0,0.0,0.0,4992,25,0.0,0.0,0.0,0.0,4988.5,1270.7265625,4988.5
-2,95200,STARFRUIT,4986,2,4985.0,28.0,0.0,0.0,4992,30,0.0,0.0,0.0,0.0,4989.0,1268.46875,4988.533333333334
-2,95300,STARFRUIT,4986,24,0.0,0.0,0.0,0.0,4993,24,0.0,0.0,0.0,0.0,4989.5,1254.8515625,4989.5
-2,95400,STARFRUIT,4986,21,0.0,0.0,0.0,0.0,4993,21,0.0,0.0,0.0,0.0,4989.5,1259.0546875,4989.5
-2,95500,STARFRUIT,4986,2,4985.0,25.0,0.0,0.0,4992,27,0.0,0.0,0.0,0.0,4989.0,1269.1640625,4988.537037037037
-2,95600,STARFRUIT,4986,29,0.0,0.0,0.0,0.0,4993,30,0.0,0.0,0.0,0.0,4989.5,1265.0859375,4989.559322033899
-2,95700,STARFRUIT,4986,2,4985.0,21.0,0.0,0.0,4990,6,4992.0,23.0,0.0,0.0,4988.0,1269.0390625,4988.711538461538
-2,95800,STARFRUIT,4987,5,4986.0,21.0,0.0,0.0,4993,21,0.0,0.0,0.0,0.0,4990.0,1259.7265625,4989.234042553191
-2,95900,STARFRUIT,4986,23,0.0,0.0,0.0,0.0,4991,8,4992.0,1.0,4993.0,22.0,4988.5,1263.953125,4989.7037037037035
-2,96000,STARFRUIT,4986,1,4985.0,23.0,0.0,0.0,4992,24,0.0,0.0,0.0,0.0,4989.0,1269.203125,4988.520833333333
-2,96100,STARFRUIT,4986,23,0.0,0.0,0.0,0.0,4993,23,0.0,0.0,0.0,0.0,4989.5,1265.078125,4989.5
-2,96200,STARFRUIT,4986,25,0.0,0.0,0.0,0.0,4993,26,0.0,0.0,0.0,0.0,4989.5,1264.609375,4989.568627450981
-2,96300,STARFRUIT,4986,27,0.0,0.0,0.0,0.0,4987,1,4993.0,27.0,0.0,0.0,4986.5,1259.046875,4989.454545454545
-2,96400,STARFRUIT,4986,30,0.0,0.0,0.0,0.0,4993,30,0.0,0.0,0.0,0.0,4989.5,1269.1640625,4989.5
-2,96500,STARFRUIT,4987,1,4986.0,28.0,0.0,0.0,4993,29,0.0,0.0,0.0,0.0,4990.0,1260.640625,4989.517241379311
-2,96600,STARFRUIT,4986,24,0.0,0.0,0.0,0.0,4993,24,0.0,0.0,0.0,0.0,4989.5,1263.6953125,4989.5
-2,96700,STARFRUIT,4987,2,4986.0,30.0,0.0,0.0,4993,32,0.0,0.0,0.0,0.0,4990.0,1259.46484375,4989.53125
-2,96800,STARFRUIT,4987,7,4986.0,27.0,0.0,0.0,4993,27,0.0,0.0,0.0,0.0,4990.0,1264.671875,4989.213114754099
-2,96900,STARFRUIT,4986,1,4985.0,25.0,0.0,0.0,4992,26,0.0,0.0,0.0,0.0,4989.0,1272.6953125,4988.5192307692305
-2,97000,STARFRUIT,4986,2,4985.0,26.0,0.0,0.0,4992,28,0.0,0.0,0.0,0.0,4989.0,1310.0,4988.535714285715
-2,97100,STARFRUIT,4985,28,0.0,0.0,0.0,0.0,4990,5,4992.0,28.0,0.0,0.0,4987.5,1310.0,4988.622950819672
-2,97200,STARFRUIT,4986,23,0.0,0.0,0.0,0.0,4989,3,4993.0,23.0,0.0,0.0,4987.5,1313.4609375,4989.469387755102
-2,97300,STARFRUIT,4986,25,0.0,0.0,0.0,0.0,4987,1,4993.0,25.0,0.0,0.0,4986.5,1313.599609375,4989.450980392156
-2,97400,STARFRUIT,4986,27,0.0,0.0,0.0,0.0,4993,27,0.0,0.0,0.0,0.0,4989.5,1316.7666015625,4989.5
-2,97500,STARFRUIT,4988,3,4987.0,24.0,0.0,0.0,4993,2,4994.0,22.0,0.0,0.0,4990.5,1317.2890625,4990.313725490196
-2,97600,STARFRUIT,4988,31,0.0,0.0,0.0,0.0,4993,7,4995.0,31.0,0.0,0.0,4990.5,1319.7607421875,4991.652173913043
-2,97700,STARFRUIT,4988,22,0.0,0.0,0.0,0.0,4993,2,4995.0,22.0,0.0,0.0,4990.5,1319.1083984375,4991.565217391304
-2,97800,STARFRUIT,4988,27,0.0,0.0,0.0,0.0,4993,1,4995.0,27.0,0.0,0.0,4990.5,1320.10546875,4991.527272727273
-2,97900,STARFRUIT,4988,25,0.0,0.0,0.0,0.0,4995,26,0.0,0.0,0.0,0.0,4991.5,1319.984375,4991.568627450981
-2,98000,STARFRUIT,4988,24,0.0,0.0,0.0,0.0,4995,24,0.0,0.0,0.0,0.0,4991.5,1320.1904296875,4991.5
-2,98100,STARFRUIT,4988,29,0.0,0.0,0.0,0.0,4995,29,0.0,0.0,0.0,0.0,4991.5,1319.75390625,4991.5
