day,timestamp,product,bid_price_1,bid_volume_1,bid_price_2,bid_volume_2,bid_price_3,bid_volume_3,ask_price_1,ask_volume_1,ask_price_2,ask_volume_2,ask_price_3,ask_volume_3,mid_price,profit_and_loss,avg_price
3,0,STARFRUIT,5002,1,5001.0,28.0,0.0,0.0,5008,28,0.0,0.0,0.0,0.0,5005.0,0.0,5004.456140350877
3,100,STARFRUIT,5001,26,0.0,0.0,0.0,0.0,5008,26,0.0,0.0,0.0,0.0,5004.5,0.0,5004.5
3,200,STARFRUIT,5001,21,0.0,0.0,0.0,0.0,5008,21,0.0,0.0,0.0,0.0,5004.5,0.0,5004.5
3,300,STARFRUIT,5002,1,5001.0,26.0,0.0,0.0,5008,27,0.0,0.0,0.0,0.0,5005.0,0.0,5004.518518518518
3,400,STARFRUIT,5006,1,5000.0,28.0,0.0,0.0,5007,28,0.0,0.0,0.0,0.0,5006.5,0.0,5003.543859649123
3,500,STARFRUIT,5000,25,0.0,0.0,0.0,0.0,5007,25,0.0,0.0,0.0,0.0,5003.5,0.0,5003.5
3,600,STARFRUIT,5000,30,0.0,0.0,0.0,0.0,5007,30,0.0,0.0,0.0,0.0,5003.5,0.0,5003.5
3,700,STARFRUIT,5000,21,0.0,0.0,0.0,0.0,5007,21,0.0,0.0,0.0,0.0,5003.5,0.0,5003.5
3,800,STARFRUIT,5000,22,0.0,0.0,0.0,0.0,5007,22,0.0,0.0,0.0,0.0,5003.5,0.0,5003.5
3,900,STARFRUIT,5000,30,0.0,0.0,0.0,0.0,5006,1,5007.0,29.0,0.0,0.0,5003.0,0.0,5003.483333333334
3,1000,STARFRUIT,5000,2,4999.0,20.0,0.0,0.0,5006,22,0.0,0.0,0.0,0.0,5003.0,0.0,5002.545454545455
3,1100,STARFRUIT,5000,26,0.0,0.0,0.0,0.0,5003,3,5007.0,27.0,0.0,0.0,5001.5,0.0,5003.535714285715
3,1200,STARFRUIT,5000,29,0.0,0.0,0.0,0.0,5001,1,5007.0,29.0,0.0,0.0,5000.5,0.0,5003.457627118644
3,1300,STARFRUIT,5000,29,0.0,0.0,0.0,0.0,5005,1,5007.0,29.0,0.0,0.0,5002.5,0.0,5003.525423728814
3,1400,STARFRUIT,5001,24,0.0,0.0,0.0,0.0,5006,6,5007.0,2.0,5008.0,22.0,5003.5,0.0,5004.62962962963
3,1500,STARFRUIT,5000,24,0.0,0.0,0.0,0.0,5005,5,5007.0,24.0,0.0,0.0,5002.5,0.0,5003.641509433963
3,1600,STARFRUIT,5000,23,0.0,0.0,0.0,0.0,5007,23,0.0,0.0,0.0,0.0,5003.5,0.0,5003.5
3,1700,STARFRUIT,4999,23,0.0,0.0,0.0,0.0,5006,23,0.0,0.0,0.0,0.0,5002.5,0.0,5002.5
3,1800,STARFRUIT,4999,30,0.0,0.0,0.0,0.0,5006,30,0.0,0.0,0.0,0.0,5002.5,4.9013671875,5002.5
3,1900,STARFRUIT,5000,4,4999.0,26.0,0.0,0.0,5006,26,0.0,0.0,0.0,0.0,5003.0,4.5068359375,5002.321428571428
3,2000,STARFRUIT,4999,30,0.0,0.0,0.0,0.0,5006,30,0.0,0.0,0.0,0.0,5002.5,5.1171875,5002.5
3,2100,STARFRUIT,5000,29,0.0,0.0,0.0,0.0,5007,29,0.0,0.0,0.0,0.0,5003.5,6.6728515625,5003.5
3,2200,STARFRUIT,5001,24,0.0,0.0,0.0,0.0,5008,24,0.0,0.0,0.0,0.0,5004.5,8.7275390625,5004.5
3,2300,STARFRUIT,5001,1,5000.0,23.0,0.0,0.0,5007,24,0.0,0.0,0.0,0.0,5004.0,2.0,5003.520833333333
3,2400,STARFRUIT,5001,1,5000.0,28.0,0.0,0.0,5007,29,0.0,0.0,0.0,0.0,5004.0,2.0,5003.517241379311
3,2500,STARFRUIT,5000,25,0.0,0.0,0.0,0.0,5007,25,0.0,0.0,0.0,0.0,5003.5,2.0,5003.5
3,2600,STARFRUIT,5001,24,0.0,0.0,0.0,0.0,5008,24,0.0,0.0,0.0,0.0,5004.5,2.0,5004.5
3,2700,STARFRUIT,5001,26,0.0,0.0,0.0,0.0,5008,26,0.0,0.0,0.0,0.0,5004.5,2.0,5004.5
3,2800,STARFRUIT,5001,23,0.0,0.0,0.0,0.0,5008,23,0.0,0.0,0.0,0.0,5004.5,27.23046875,5004.5
3,2900,STARFRUIT,5001,29,0.0,0.0,0.0,0.0,5006,3,5008.0,29.0,0.0,0.0,5003.5,25.21875,5004.573770491803
3,3000,STARFRUIT,5002,1,5001.0,30.0,0.0,0.0,5008,31,0.0,0.0,0.0,0.0,5005.0,20.7265625,5004.5161290322585
3,3100,STARFRUIT,5002,28,0.0,0.0,0.0,0.0,5009,28,0.0,0.0,0.0,0.0,5005.5,16.8125,5005.5
3,3200,STARFRUIT,5008,1,5002.0,21.0,0.0,0.0,5009,21,0.0,0.0,0.0,0.0,5008.5,14.80859375,5005.558139534884
3,3300,STARFRUIT,5005,5,5003.0,6.0,5002.0,25.0,5008,2,5009.0,23.0,0.0,0.0,5006.5,20.47265625,5005.180327868852
3,3400,STARFRUIT,5006,4,5001.0,30.0,0.0,0.0,5008,30,0.0,0.0,0.0,0.0,5007.0,25.61328125,5004.59375
3,3500,STARFRUIT,5002,1,5001.0,30.0,0.0,0.0,5008,31,0.0,0.0,0.0,0.0,5005.0,28.42578125,5004.5161290322585
3,3600,STARFRUIT,5005,5,5004.0,3.0,5001.0,24.0,5006,1,5008.0,24.0,0.0,0.0,5005.5,34.578125,5004.543859649123
3,3700,STARFRUIT,5001,10,5000.0,25.0,0.0,0.0,5007,27,0.0,0.0,0.0,0.0,5004.0,14.0,5003.209677419355
3,3800,STARFRUIT,5000,20,0.0,0.0,0.0,0.0,5007,20,0.0,0.0,0.0,0.0,5003.5,14.0,5003.5
3,3900,STARFRUIT,5000,24,0.0,0.0,0.0,0.0,5007,24,0.0,0.0,0.0,0.0,5003.5,18.763671875,5003.5
3,4000,STARFRUIT,5000,20,0.0,0.0,0.0,0.0,5007,20,0.0,0.0,0.0,0.0,5003.5,18.1455078125,5003.5
3,4100,STARFRUIT,5001,21,0.0,0.0,0.0,0.0,5006,3,5007.0,1.0,5008.0,20.0,5003.5,17.9130859375,5004.577777777778
3,4200,STARFRUIT,5001,31,0.0,0.0,0.0,0.0,5007,2,5008.0,29.0,0.0,0.0,5004.0,17.62109375,5004.467741935484
3,4300,STARFRUIT,5001,27,0.0,0.0,0.0,0.0,5002,5,5008.0,27.0,0.0,0.0,5001.5,17.1435546875,5004.28813559322
3,4400,STARFRUIT,5001,20,0.0,0.0,0.0,0.0,5008,20,0.0,0.0,0.0,0.0,5004.5,28.419921875,5004.5
3,4500,STARFRUIT,5001,25,0.0,0.0,0.0,0.0,5002,1,5008.0,25.0,0.0,0.0,5001.5,29.724609375,5004.450980392156
3,4600,STARFRUIT,5002,2,5001.0,23.0,0.0,0.0,5008,25,0.0,0.0,0.0,0.0,5005.0,30.712890625,5004.54
3,4700,STARFRUIT,5002,2,5001.0,25.0,0.0,0.0,5008,27,0.0,0.0,0.0,0.0,5005.0,30.8671875,5004.537037037037
3,4800,STARFRUIT,5002,30,0.0,0.0,0.0,0.0,5008,1,5009.0,29.0,0.0,0.0,5005.0,31.599609375,5005.483333333334
3,4900,STARFRUIT,5003,6,5002.0,27.0,0.0,0.0,5009,27,0.0,0.0,0.0,0.0,5006.0,33.583984375,5005.25
3,5000,STARFRUIT,5002,22,0.0,0.0,0.0,0.0,5009,22,0.0,0.0,0.0,0.0,5005.5,-27.6640625,5005.5
3,5100,STARFRUIT,5002,22,0.0,0.0,0.0,0.0,5008,2,5009.0,20.0,0.0,0.0,5005.0,-36.71875,5005.454545454545
3,5200,STARFRUIT,5002,9,5001.0,27.0,0.0,0.0,5008,29,0.0,0.0,0.0,0.0,5005.0,-41.1015625,5004.261538461538
3,5300,STARFRUIT,5002,24,0.0,0.0,0.0,0.0,5009,24,0.0,0.0,0.0,0.0,5005.5,-36.0625,5005.5
3,5400,STARFRUIT,5003,1,5002.0,21.0,0.0,0.0,5009,21,0.0,0.0,0.0,0.0,5006.0,-25.53125,5005.441860465116
3,5500,STARFRUIT,5002,31,0.0,0.0,0.0,0.0,5009,31,0.0,0.0,0.0,0.0,5005.5,-25.2890625,5005.5
3,5600,STARFRUIT,5002,28,0.0,0.0,0.0,0.0,5007,7,5009.0,28.0,0.0,0.0,5004.5,-27.1875,5005.666666666667
3,5700,STARFRUIT,5002,20,0.0,0.0,0.0,0.0,5009,21,0.0,0.0,0.0,0.0,5005.5,-30.0546875,5005.585365853659
3,5800,STARFRUIT,5002,30,0.0,0.0,0.0,0.0,5007,1,5009.0,30.0,0.0,0.0,5004.5,-27.8515625,5005.524590163935
3,5900,STARFRUIT,5002,23,0.0,0.0,0.0,0.0,5008,1,5009.0,23.0,0.0,0.0,5005.0,-32.3046875,5005.553191489362
3,6000,STARFRUIT,5003,6,5002.0,21.0,0.0,0.0,5008,1,5009.0,20.0,0.0,0.0,5005.5,-30.6640625,5005.166666666667
3,6100,STARFRUIT,5002,29,0.0,0.0,0.0,0.0,5009,29,0.0,0.0,0.0,0.0,5005.5,-30.0625,5005.5
3,6200,STARFRUIT,5002,26,0.0,0.0,0.0,0.0,5009,26,0.0,0.0,0.0,0.0,5005.5,-35.609375,5005.5
3,6300,STARFRUIT,5003,21,0.0,0.0,0.0,0.0,5010,21,0.0,0.0,0.0,0.0,5006.5,-20.8984375,5006.5
3,6400,STARFRUIT,5004,1,5003.0,22.0,0.0,0.0,5010,23,0.0,0.0,0.0,0.0,5007.0,-19.4375,5006.521739130435
3,6500,STARFRUIT,5003,21,0.0,0.0,0.0,0.0,5010,21,0.0,0.0,0.0,0.0,5006.5,-26.90625,5006.5
3,6600,STARFRUIT,5004,7,5003.0,28.0,0.0,0.0,5010,28,0.0,0.0,0.0,0.0,5007.0,-18.390625,5006.222222222223
3,6700,STARFRUIT,5004,28,0.0,0.0,0.0,0.0,5011,28,0.0,0.0,0.0,0.0,5007.5,-1.75,5007.5
3,6800,STARFRUIT,5004,29,0.0,0.0,0.0,0.0,5009,5,5011.0,29.0,0.0,0.0,5006.5,-5.9375,5007.619047619048
3,6900,STARFRUIT,5003,23,0.0,0.0,0.0,0.0,5004,1,5008.0,4.0,5010.0,23.0,5003.5,-22.3515625,5006.568627450981
3,7000,STARFRUIT,5003,1,5002.0,25.0,0.0,0.0,5009,1,5010.0,25.0,0.0,0.0,5006.0,-75.0,5006.0
3,7100,STARFRUIT,5003,2,5002.0,25.0,0.0,0.0,5009,27,0.0,0.0,0.0,0.0,5006.0,-75.0,5005.537037037037
3,7200,STARFRUIT,5008,1,5002.0,24.0,0.0,0.0,5009,24,0.0,0.0,0.0,0.0,5008.5,-75.0,5005.551020408163
3,7300,STARFRUIT,5003,32,0.0,0.0,0.0,0.0,5009,2,5010.0,30.0,0.0,0.0,5006.0,-73.02001953125,5006.46875
3,7400,STARFRUIT,5002,26,0.0,0.0,0.0,0.0,5009,26,0.0,0.0,0.0,0.0,5005.5,-72.1982421875,5005.5
3,7500,STARFRUIT,5002,26,0.0,0.0,0.0,0.0,5009,26,0.0,0.0,0.0,0.0,5005.5,-72.3955078125,5005.5
3,7600,STARFRUIT,5007,1,5002.0,7.0,5001.0,27.0,5008,27,0.0,0.0,0.0,0.0,5007.5,-71.6103515625,5004.258064516129
3,7700,STARFRUIT,5002,26,0.0,0.0,0.0,0.0,5007,5,5009.0,26.0,0.0,0.0,5004.5,-70.79296875,5005.631578947368
3,7800,STARFRUIT,5002,24,0.0,0.0,0.0,0.0,5007,6,5008.0,1.0,5009.0,23.0,5004.5,-70.2587890625,5005.648148148148
3,7900,STARFRUIT,5007,1,5002.0,32.0,0.0,0.0,5009,32,0.0,0.0,0.0,0.0,5008.0,-70.6376953125,5005.523076923077
3,8000,STARFRUIT,5002,22,0.0,0.0,0.0,0.0,5007,4,5009.0,22.0,0.0,0.0,5004.5,-69.205078125,5005.625
3,8100,STARFRUIT,5003,20,0.0,0.0,0.0,0.0,5010,20,0.0,0.0,0.0,0.0,5006.5,-71.458984375,5006.5
3,8200,STARFRUIT,5003,2,5002.0,23.0,0.0,0.0,5009,25,0.0,0.0,0.0,0.0,5006.0,-67.275390625,5005.54
3,8300,STARFRUIT,5003,24,0.0,0.0,0.0,0.0,5009,2,5010.0,22.0,0.0,0.0,5006.0,-68.33203125,5006.458333333333
3,8400,STARFRUIT,5006,2,5003.0,24.0,0.0,0.0,5010,24,0.0,0.0,0.0,0.0,5008.0,-69.01171875,5006.48
3,8500,STARFRUIT,5004,2,5003.0,28.0,0.0,0.0,5010,30,0.0,0.0,0.0,0.0,5007.0,-71.732421875,5006.533333333334
3,8600,STARFRUIT,5003,22,0.0,0.0,0.0,0.0,5010,22,0.0,0.0,0.0,0.0,5006.5,-70.40625,5006.5
3,8700,STARFRUIT,5009,1,5004.0,2.0,5003.0,26.0,5010,28,0.0,0.0,0.0,0.0,5009.5,-71.86328125,5006.578947368421
3,8800,STARFRUIT,5005,1,5004.0,30.0,0.0,0.0,5010,2,5011.0,28.0,0.0,0.0,5007.5,-70.099609375,5007.426229508197
3,8900,STARFRUIT,5004,26,0.0,0.0,0.0,0.0,5011,26,0.0,0.0,0.0,0.0,5007.5,-71.55078125,5007.5
3,9000,STARFRUIT,5004,28,0.0,0.0,0.0,0.0,5011,28,0.0,0.0,0.0,0.0,5007.5,-73.232421875,5007.5
3,9100,STARFRUIT,5005,1,5004.0,22.0,0.0,0.0,5011,22,0.0,0.0,0.0,0.0,5008.0,-71.6484375,5007.444444444444
3,9200,STARFRUIT,5005,4,5004.0,28.0,0.0,0.0,5011,29,0.0,0.0,0.0,0.0,5008.0,-74.20703125,5007.393442622951
3,9300,STARFRUIT,5005,23,0.0,0.0,0.0,0.0,5012,23,0.0,0.0,0.0,0.0,5008.5,-77.89453125,5008.5
3,9400,STARFRUIT,5005,29,0.0,0.0,0.0,0.0,5011,1,5012.0,28.0,0.0,0.0,5008.0,-75.9453125,5008.482758620689
3,9500,STARFRUIT,5005,21,0.0,0.0,0.0,0.0,5012,21,0.0,0.0,0.0,0.0,5008.5,-76.3828125,5008.5
3,9600,STARFRUIT,5006,4,5005.0,21.0,0.0,0.0,5012,21,0.0,0.0,0.0,0.0,5009.0,-78.2578125,5008.282608695652
3,9700,STARFRUIT,5011,1,5005.0,25.0,0.0,0.0,5012,25,0.0,0.0,0.0,0.0,5011.5,-78.33984375,5008.549019607844
3,9800,STARFRUIT,5005,28,0.0,0.0,0.0,0.0,5010,3,5012.0,28.0,0.0,0.0,5007.5,-74.4375,5008.576271186441
3,9900,STARFRUIT,5006,28,0.0,0.0,0.0,0.0,5013,28,0.0,0.0,0.0,0.0,5009.5,-79.6640625,5009.5
3,10000,STARFRUIT,5006,24,0.0,0.0,0.0,0.0,5009,5,5011.0,1.0,5012.0,1.0,5007.5,-57.5078125,5006.8387096774195
3,10100,STARFRUIT,5006,30,0.0,0.0,0.0,0.0,5013,30,0.0,0.0,0.0,0.0,5009.5,-61.46875,5009.5
3,10200,STARFRUIT,5006,29,0.0,0.0,0.0,0.0,5011,1,5013.0,29.0,0.0,0.0,5008.5,-59.65625,5009.525423728814
3,10300,STARFRUIT,5006,31,0.0,0.0,0.0,0.0,5013,31,0.0,0.0,0.0,0.0,5009.5,-60.96484375,5009.5
3,10400,STARFRUIT,5011,1,5005.0,27.0,0.0,0.0,5012,27,0.0,0.0,0.0,0.0,5011.5,-54.8515625,5008.545454545455
3,10500,STARFRUIT,5005,27,0.0,0.0,0.0,0.0,5010,3,5012.0,27.0,0.0,0.0,5007.5,-51.8828125,5008.578947368421
3,10600,STARFRUIT,5005,28,0.0,0.0,0.0,0.0,5010,1,5012.0,28.0,0.0,0.0,5007.5,-51.7734375,5008.526315789473
3,10700,STARFRUIT,5005,26,0.0,0.0,0.0,0.0,5012,26,0.0,0.0,0.0,0.0,5008.5,-28.0,5008.5
3,10800,STARFRUIT,5005,23,0.0,0.0,0.0,0.0,5012,23,0.0,0.0,0.0,0.0,5008.5,10.0546875,5008.5
3,10900,STARFRUIT,5006,6,5005.0,27.0,0.0,0.0,5012,29,0.0,0.0,0.0,0.0,5009.0,13.453125,5008.370967741936
3,11000,STARFRUIT,5006,28,0.0,0.0,0.0,0.0,5012,1,5013.0,27.0,0.0,0.0,5009.0,14.09375,5009.482142857143
3,11100,STARFRUIT,5011,1,5005.0,25.0,0.0,0.0,5012,25,0.0,0.0,0.0,0.0,5011.5,7.828125,5008.549019607844
3,11200,STARFRUIT,5006,2,5005.0,22.0,0.0,0.0,5012,24,0.0,0.0,0.0,0.0,5009.0,13.65625,5008.541666666667
3,11300,STARFRUIT,5006,2,5005.0,22.0,0.0,0.0,5012,24,0.0,0.0,0.0,0.0,5009.0,15.37890625,5008.541666666667
3,11400,STARFRUIT,5006,1,5005.0,26.0,0.0,0.0,5012,27,0.0,0.0,0.0,0.0,5009.0,12.9296875,5008.518518518518
3,11500,STARFRUIT,5006,30,0.0,0.0,0.0,0.0,5013,30,0.0,0.0,0.0,0.0,5009.5,17.75,5009.5
3,11600,STARFRUIT,5006,8,5005.0,25.0,0.0,0.0,5012,25,0.0,0.0,0.0,0.0,5009.0,12.828125,5008.1551724137935
3,11700,STARFRUIT,5005,21,0.0,0.0,0.0,0.0,5007,4,5012.0,21.0,0.0,0.0,5006.0,14.9609375,5008.369565217391
3,11800,STARFRUIT,5005,28,0.0,0.0,0.0,0.0,5012,28,0.0,0.0,0.0,0.0,5008.5,-23.0,5008.5
3,11900,STARFRUIT,5005,24,0.0,0.0,0.0,0.0,5012,24,0.0,0.0,0.0,0.0,5008.5,-23.0,5008.5
3,12000,STARFRUIT,5004,21,0.0,0.0,0.0,0.0,5011,21,0.0,0.0,0.0,0.0,5007.5,-23.0,5007.5
3,12100,STARFRUIT,5007,5,5004.0,24.0,0.0,0.0,5011,24,0.0,0.0,0.0,0.0,5009.0,-23.0,5007.452830188679
3,12200,STARFRUIT,5004,2,5003.0,30.0,0.0,0.0,5008,5,5010.0,32.0,0.0,0.0,5006.0,-23.0,5006.63768115942
3,12300,STARFRUIT,5004,31,0.0,0.0,0.0,0.0,5011,31,0.0,0.0,0.0,0.0,5007.5,-23.0,5007.5
3,12400,STARFRUIT,5004,2,5003.0,20.0,0.0,0.0,5010,22,0.0,0.0,0.0,0.0,5007.0,-23.0,5006.545454545455
3,12500,STARFRUIT,5003,25,0.0,0.0,0.0,0.0,5010,25,0.0,0.0,0.0,0.0,5006.5,-23.0,5006.5
3,12600,STARFRUIT,5003,22,0.0,0.0,0.0,0.0,5010,22,0.0,0.0,0.0,0.0,5006.5,-20.24365234375,5006.5
3,12700,STARFRUIT,5003,32,0.0,0.0,0.0,0.0,5004,1,5006.0,4.0,5010.0,32.0,5003.5,-20.5322265625,5006.434782608696
3,12800,STARFRUIT,5004,7,5003.0,24.0,0.0,0.0,5010,24,0.0,0.0,0.0,0.0,5007.0,-18.0,5006.181818181818
3,12900,STARFRUIT,5003,25,0.0,0.0,0.0,0.0,5010,25,0.0,0.0,0.0,0.0,5006.5,-18.0,5006.5
3,13000,STARFRUIT,5003,24,0.0,0.0,0.0,0.0,5010,24,0.0,0.0,0.0,0.0,5006.5,-18.0,5006.5
3,13100,STARFRUIT,5004,1,5003.0,20.0,0.0,0.0,5010,21,0.0,0.0,0.0,0.0,5007.0,-18.0,5006.523809523809
3,13200,STARFRUIT,5003,25,0.0,0.0,0.0,0.0,5010,25,0.0,0.0,0.0,0.0,5006.5,-18.0,5006.5
3,13300,STARFRUIT,5003,27,0.0,0.0,0.0,0.0,5010,27,0.0,0.0,0.0,0.0,5006.5,18.62109375,5006.5
3,13400,STARFRUIT,5003,26,0.0,0.0,0.0,0.0,5009,1,5010.0,25.0,0.0,0.0,5006.0,22.9453125,5006.4807692307695
3,13500,STARFRUIT,5005,5,5002.0,26.0,0.0,0.0,5009,26,0.0,0.0,0.0,0.0,5007.0,27.4296875,5005.456140350877
3,13600,STARFRUIT,5007,3,5003.0,5.0,5002.0,21.0,5009,21,0.0,0.0,0.0,0.0,5008.0,24.0,5005.34
3,13700,STARFRUIT,5002,28,0.0,0.0,0.0,0.0,5007,1,5009.0,28.0,0.0,0.0,5004.5,28.265625,5005.526315789473
3,13800,STARFRUIT,5002,31,0.0,0.0,0.0,0.0,5007,6,5008.0,1.0,5009.0,30.0,5004.5,29.373046875,5005.617647058823
3,13900,STARFRUIT,5001,21,0.0,0.0,0.0,0.0,5006,5,5008.0,21.0,0.0,0.0,5003.5,31.068359375,5004.659574468085
3,14000,STARFRUIT,5001,30,0.0,0.0,0.0,0.0,5008,30,0.0,0.0,0.0,0.0,5004.5,30.970703125,5004.5
3,14100,STARFRUIT,5006,1,5001.0,24.0,0.0,0.0,5007,1,5008.0,23.0,0.0,0.0,5006.5,32.26953125,5004.510204081633
3,14200,STARFRUIT,5000,27,0.0,0.0,0.0,0.0,5007,27,0.0,0.0,0.0,0.0,5003.5,37.189453125,5003.5
3,14300,STARFRUIT,5000,26,0.0,0.0,0.0,0.0,5007,26,0.0,0.0,0.0,0.0,5003.5,36.38671875,5003.5
3,14400,STARFRUIT,5003,5,5001.0,1.0,5000.0,28.0,5007,29,0.0,0.0,0.0,0.0,5005.0,35.201171875,5003.476190476191
3,14500,STARFRUIT,5000,25,0.0,0.0,0.0,0.0,5005,8,5007.0,25.0,0.0,0.0,5002.5,36.193359375,5003.706896551724
3,14600,STARFRUIT,5001,25,0.0,0.0,0.0,0.0,5006,3,5007.0,2.0,5008.0,23.0,5003.5,34.236328125,5004.547169811321
3,14700,STARFRUIT,5006,2,5002.0,2.0,5001.0,20.0,5008,22,0.0,0.0,0.0,0.0,5007.0,31.822265625,5004.608695652174
3,14800,STARFRUIT,5002,26,0.0,0.0,0.0,0.0,5009,26,0.0,0.0,0.0,0.0,5005.5,27.6328125,5005.5
3,14900,STARFRUIT,5003,31,0.0,0.0,0.0,0.0,5009,1,5010.0,30.0,0.0,0.0,5006.0,26.80078125,5006.4838709677415
3,15000,STARFRUIT,5003,6,5002.0,25.0,0.0,0.0,5009,2,5010.0,25.0,0.0,0.0,5006.0,27.017578125,5005.793103448276
3,15100,STARFRUIT,5003,4,5002.0,25.0,0.0,0.0,5009,25,0.0,0.0,0.0,0.0,5006.0,29.9765625,5005.314814814815
3,15200,STARFRUIT,5003,1,5002.0,20.0,0.0,0.0,5007,3,5009.0,21.0,0.0,0.0,5005.0,28.32421875,5005.622222222222
3,15300,STARFRUIT,5002,30,0.0,0.0,0.0,0.0,5009,30,0.0,0.0,0.0,0.0,5005.5,27.65625,5005.5
3,15400,STARFRUIT,5003,25,0.0,0.0,0.0,0.0,5010,25,0.0,0.0,0.0,0.0,5006.5,25.072265625,5006.5
3,15500,STARFRUIT,5004,6,5003.0,29.0,0.0,0.0,5010,29,0.0,0.0,0.0,0.0,5007.0,24.802734375,5006.265625
3,15600,STARFRUIT,5003,23,0.0,0.0,0.0,0.0,5008,2,5010.0,23.0,0.0,0.0,5005.5,25.259765625,5006.5625
3,15700,STARFRUIT,5004,3,5003.0,24.0,0.0,0.0,5010,24,0.0,0.0,0.0,0.0,5007.0,23.49609375,5006.35294117647
3,15800,STARFRUIT,5002,29,0.0,0.0,0.0,0.0,5009,29,0.0,0.0,0.0,0.0,5005.5,27.13671875,5005.5
3,15900,STARFRUIT,5002,23,0.0,0.0,0.0,0.0,5005,2,5008.0,1.0,5009.0,22.0,5003.5,32.33984375,5005.458333333333
3,16000,STARFRUIT,5002,29,0.0,0.0,0.0,0.0,5008,2,5009.0,27.0,0.0,0.0,5005.0,32.115234375,5005.4655172413795
3,16100,STARFRUIT,5005,6,5002.0,27.0,0.0,0.0,5009,27,0.0,0.0,0.0,0.0,5007.0,31.46484375,5005.45
3,16200,STARFRUIT,5003,8,5002.0,25.0,0.0,0.0,5008,1,5009.0,24.0,0.0,0.0,5005.5,32.7890625,5005.137931034483
3,16300,STARFRUIT,5002,21,0.0,0.0,0.0,0.0,5009,21,0.0,0.0,0.0,0.0,5005.5,29.953125,5005.5
3,16400,STARFRUIT,5002,21,0.0,0.0,0.0,0.0,5009,21,0.0,0.0,0.0,0.0,5005.5,30.00390625,5005.5
3,16500,STARFRUIT,5008,1,5003.0,23.0,0.0,0.0,5010,23,0.0,0.0,0.0,0.0,5009.0,27.875,5006.531914893617
3,16600,STARFRUIT,5003,29,0.0,0.0,0.0,0.0,5009,1,5010.0,28.0,0.0,0.0,5006.0,-34.03125,5006.482758620689
3,16700,STARFRUIT,5002,21,0.0,0.0,0.0,0.0,5003,9,5009.0,22.0,0.0,0.0,5002.5,-59.39453125,5005.134615384615
3,16800,STARFRUIT,5003,26,0.0,0.0,0.0,0.0,5008,1,5010.0,26.0,0.0,0.0,5005.5,-75.0,5006.528301886792
3,16900,STARFRUIT,5009,1,5003.0,23.0,0.0,0.0,5010,23,0.0,0.0,0.0,0.0,5009.5,-75.0,5006.553191489362
3,17000,STARFRUIT,5004,6,5003.0,24.0,0.0,0.0,5010,24,0.0,0.0,0.0,0.0,5007.0,-72.25146484375,5006.222222222223
3,17100,STARFRUIT,5003,29,0.0,0.0,0.0,0.0,5010,29,0.0,0.0,0.0,0.0,5006.5,-136.296875,5006.5
3,17200,STARFRUIT,5004,1,5003.0,29.0,0.0,0.0,5010,30,0.0,0.0,0.0,0.0,5007.0,-127.5625,5006.516666666666
3,17300,STARFRUIT,5005,2,5004.0,23.0,0.0,0.0,5010,1,5011.0,22.0,0.0,0.0,5007.5,-122.75,5007.375
3,17400,STARFRUIT,5004,30,0.0,0.0,0.0,0.0,5005,1,5009.0,4.0,5011.0,30.0,5004.5,-110.8671875,5007.553846153846
3,17500,STARFRUIT,5004,29,0.0,0.0,0.0,0.0,5010,2,5011.0,27.0,0.0,0.0,5007.0,-119.5078125,5007.4655172413795
3,17600,STARFRUIT,5003,24,0.0,0.0,0.0,0.0,5008,5,5010.0,24.0,0.0,0.0,5005.5,-131.21875,5006.641509433963
3,17700,STARFRUIT,5004,8,5003.0,21.0,0.0,0.0,5010,21,0.0,0.0,0.0,0.0,5007.0,-129.421875,5006.1
3,17800,STARFRUIT,5003,28,0.0,0.0,0.0,0.0,5008,4,5010.0,28.0,0.0,0.0,5005.5,-127.8984375,5006.6
3,17900,STARFRUIT,5008,1,5003.0,20.0,0.0,0.0,5010,20,0.0,0.0,0.0,0.0,5009.0,-136.828125,5006.536585365854
3,18000,STARFRUIT,5004,7,5003.0,22.0,0.0,0.0,5010,22,0.0,0.0,0.0,0.0,5007.0,-130.3046875,5006.156862745098
3,18100,STARFRUIT,5007,3,5003.0,27.0,0.0,0.0,5010,27,0.0,0.0,0.0,0.0,5008.5,-138.0390625,5006.526315789473
3,18200,STARFRUIT,5004,4,5003.0,28.0,0.0,0.0,5009,2,5010.0,26.0,0.0,0.0,5006.5,-135.1796875,5006.3
3,18300,STARFRUIT,5003,2,5002.0,28.0,0.0,0.0,5009,28,0.0,0.0,0.0,0.0,5006.0,-147.2265625,5005.413793103448
3,18400,STARFRUIT,5002,22,0.0,0.0,0.0,0.0,5009,22,0.0,0.0,0.0,0.0,5005.5,-148.34375,5005.5
3,18500,STARFRUIT,5002,28,0.0,0.0,0.0,0.0,5009,28,0.0,0.0,0.0,0.0,5005.5,-146.375,5005.5
3,18600,STARFRUIT,5002,26,0.0,0.0,0.0,0.0,5009,26,0.0,0.0,0.0,0.0,5005.5,-139.3125,5005.5
3,18700,STARFRUIT,5003,2,5002.0,26.0,0.0,0.0,5009,27,0.0,0.0,0.0,0.0,5006.0,-140.71875,5005.472727272727
3,18800,STARFRUIT,5002,30,0.0,0.0,0.0,0.0,5009,30,0.0,0.0,0.0,0.0,5005.5,-141.9296875,5005.5
3,18900,STARFRUIT,5001,21,0.0,0.0,0.0,0.0,5002,1,5008.0,21.0,0.0,0.0,5001.5,-153.140625,5004.441860465116
3,19000,STARFRUIT,5001,20,0.0,0.0,0.0,0.0,5008,21,0.0,0.0,0.0,0.0,5004.5,-201.0,5004.585365853659
3,19100,STARFRUIT,5000,26,0.0,0.0,0.0,0.0,5007,26,0.0,0.0,0.0,0.0,5003.5,-201.0,5003.5
3,19200,STARFRUIT,5001,1,5000.0,29.0,0.0,0.0,5005,5,5007.0,30.0,0.0,0.0,5003.0,-201.0,5003.630769230769
3,19300,STARFRUIT,5002,3,5001.0,24.0,0.0,0.0,5008,24,0.0,0.0,0.0,0.0,5005.0,-201.0,5004.35294117647
3,19400,STARFRUIT,5007,1,5002.0,26.0,0.0,0.0,5008,2,5009.0,24.0,0.0,0.0,5007.5,-201.0,5005.490566037736
3,19500,STARFRUIT,5002,8,5001.0,25.0,0.0,0.0,5008,25,0.0,0.0,0.0,0.0,5005.0,-198.6318359375,5004.1551724137935
3,19600,STARFRUIT,5001,26,0.0,0.0,0.0,0.0,5008,26,0.0,0.0,0.0,0.0,5004.5,-198.64306640625,5004.5
3,19700,STARFRUIT,5001,25,0.0,0.0,0.0,0.0,5008,25,0.0,0.0,0.0,0.0,5004.5,-198.34814453125,5004.5
3,19800,STARFRUIT,5002,4,5001.0,26.0,0.0,0.0,5008,26,0.0,0.0,0.0,0.0,5005.0,-198.38671875,5004.321428571428
3,19900,STARFRUIT,5001,27,0.0,0.0,0.0,0.0,5007,1,5008.0,26.0,0.0,0.0,5004.0,-198.16650390625,5004.481481481482
3,20000,STARFRUIT,5001,21,0.0,0.0,0.0,0.0,5008,21,0.0,0.0,0.0,0.0,5004.5,-198.796875,5004.5
3,20100,STARFRUIT,5001,27,0.0,0.0,0.0,0.0,5008,28,0.0,0.0,0.0,0.0,5004.5,-198.24755859375,5004.563636363637
3,20200,STARFRUIT,5001,29,0.0,0.0,0.0,0.0,5008,29,0.0,0.0,0.0,0.0,5004.5,-198.75048828125,5004.5
3,20300,STARFRUIT,5001,25,0.0,0.0,0.0,0.0,5008,26,0.0,0.0,0.0,0.0,5004.5,-198.4873046875,5004.568627450981
3,20400,STARFRUIT,5001,28,0.0,0.0,0.0,0.0,5008,28,0.0,0.0,0.0,0.0,5004.5,-198.5546875,5004.5
3,20500,STARFRUIT,5001,23,0.0,0.0,0.0,0.0,5007,1,5008.0,22.0,0.0,0.0,5004.0,-198.1015625,5004.478260869565
3,20600,STARFRUIT,5000,27,0.0,0.0,0.0,0.0,5003,3,5007.0,27.0,0.0,0.0,5001.5,-194.48876953125,5003.473684210527
3,20700,STARFRUIT,5001,27,0.0,0.0,0.0,0.0,5006,7,5007.0,1.0,5008.0,26.0,5003.5,-193.9853515625,5004.6557377049185
3,20800,STARFRUIT,5006,1,5001.0,2.0,5000.0,24.0,5007,26,0.0,0.0,0.0,0.0,5006.5,-194.1611328125,5003.584905660377
3,20900,STARFRUIT,5000,28,0.0,0.0,0.0,0.0,5007,28,0.0,0.0,0.0,0.0,5003.5,-192.0,5003.5
3,21000,STARFRUIT,5001,29,0.0,0.0,0.0,0.0,5007,2,5008.0,28.0,0.0,0.0,5004.0,-192.0,5004.525423728814
3,21100,STARFRUIT,5001,21,0.0,0.0,0.0,0.0,5007,1,5008.0,21.0,0.0,0.0,5004.0,-192.0,5004.558139534884
3,21200,STARFRUIT,5001,21,0.0,0.0,0.0,0.0,5006,6,5008.0,21.0,0.0,0.0,5003.5,-163.3359375,5004.6875
3,21300,STARFRUIT,5001,25,0.0,0.0,0.0,0.0,5008,25,0.0,0.0,0.0,0.0,5004.5,-162.59765625,5004.5
3,21400,STARFRUIT,5001,22,0.0,0.0,0.0,0.0,5006,2,5008.0,22.0,0.0,0.0,5003.5,-164.92578125,5004.565217391304
3,21500,STARFRUIT,5001,28,0.0,0.0,0.0,0.0,5008,28,0.0,0.0,0.0,0.0,5004.5,-166.51953125,5004.5
3,21600,STARFRUIT,5001,23,0.0,0.0,0.0,0.0,5008,23,0.0,0.0,0.0,0.0,5004.5,-165.71484375,5004.5
3,21700,STARFRUIT,5001,25,0.0,0.0,0.0,0.0,5008,25,0.0,0.0,0.0,0.0,5004.5,-167.91015625,5004.5
3,21800,STARFRUIT,5001,27,0.0,0.0,0.0,0.0,5008,27,0.0,0.0,0.0,0.0,5004.5,-168.4765625,5004.5
3,21900,STARFRUIT,5001,26,0.0,0.0,0.0,0.0,5008,26,0.0,0.0,0.0,0.0,5004.5,-168.12890625,5004.5
3,22000,STARFRUIT,5001,27,0.0,0.0,0.0,0.0,5008,27,0.0,0.0,0.0,0.0,5004.5,-168.07421875,5004.5
3,22100,STARFRUIT,5002,2,5001.0,27.0,0.0,0.0,5008,29,0.0,0.0,0.0,0.0,5005.0,-171.48046875,5004.5344827586205
3,22200,STARFRUIT,5002,31,0.0,0.0,0.0,0.0,5008,1,5009.0,30.0,0.0,0.0,5005.0,-173.05078125,5005.4838709677415
3,22300,STARFRUIT,5002,29,0.0,0.0,0.0,0.0,5009,29,0.0,0.0,0.0,0.0,5005.5,-176.40625,5005.5
3,22400,STARFRUIT,5002,21,0.0,0.0,0.0,0.0,5009,21,0.0,0.0,0.0,0.0,5005.5,-173.0625,5005.5
3,22500,STARFRUIT,5002,24,0.0,0.0,0.0,0.0,5009,24,0.0,0.0,0.0,0.0,5005.5,-172.890625,5005.5
3,22600,STARFRUIT,5002,25,0.0,0.0,0.0,0.0,5008,1,5009.0,24.0,0.0,0.0,5005.0,-172.31640625,5005.48
3,22700,STARFRUIT,5002,29,0.0,0.0,0.0,0.0,5009,29,0.0,0.0,0.0,0.0,5005.5,-173.828125,5005.5
3,22800,STARFRUIT,5002,2,5001.0,24.0,0.0,0.0,5008,26,0.0,0.0,0.0,0.0,5005.0,-171.07421875,5004.538461538462
3,22900,STARFRUIT,5001,28,0.0,0.0,0.0,0.0,5008,29,0.0,0.0,0.0,0.0,5004.5,-206.318359375,5004.561403508772
3,23000,STARFRUIT,5000,21,0.0,0.0,0.0,0.0,5007,21,0.0,0.0,0.0,0.0,5003.5,-207.849609375,5003.5
3,23100,STARFRUIT,5000,23,0.0,0.0,0.0,0.0,5007,23,0.0,0.0,0.0,0.0,5003.5,-208.1123046875,5003.5
3,23200,STARFRUIT,5000,24,0.0,0.0,0.0,0.0,5006,1,5007.0,23.0,0.0,0.0,5003.0,-208.6220703125,5003.479166666667
3,23300,STARFRUIT,5001,25,0.0,0.0,0.0,0.0,5008,26,0.0,0.0,0.0,0.0,5004.5,-206.9501953125,5004.568627450981
3,23400,STARFRUIT,5001,28,0.0,0.0,0.0,0.0,5008,29,0.0,0.0,0.0,0.0,5004.5,-206.2060546875,5004.561403508772
3,23500,STARFRUIT,5002,5,5001.0,23.0,0.0,0.0,5008,23,0.0,0.0,0.0,0.0,5005.0,-205.5087890625,5004.254901960784
3,23600,STARFRUIT,5001,30,0.0,0.0,0.0,0.0,5006,3,5008.0,30.0,0.0,0.0,5003.5,-265.71875,5004.571428571428
3,23700,STARFRUIT,5001,29,0.0,0.0,0.0,0.0,5008,29,0.0,0.0,0.0,0.0,5004.5,-267.0625,5004.5
3,23800,STARFRUIT,5001,32,0.0,0.0,0.0,0.0,5007,2,5008.0,30.0,0.0,0.0,5004.0,-278.03125,5004.46875
3,23900,STARFRUIT,5006,1,5001.0,26.0,0.0,0.0,5008,26,0.0,0.0,0.0,0.0,5007.0,-274.8203125,5004.528301886792
3,24000,STARFRUIT,5006,5,5002.0,2.0,5001.0,22.0,5008,24,0.0,0.0,0.0,0.0,5007.0,-259.375,5004.679245283019
3,24100,STARFRUIT,5001,30,0.0,0.0,0.0,0.0,5008,30,0.0,0.0,0.0,0.0,5004.5,-266.109375,5004.5
3,24200,STARFRUIT,5001,27,0.0,0.0,0.0,0.0,5008,27,0.0,0.0,0.0,0.0,5004.5,-265.765625,5004.5
3,24300,STARFRUIT,5007,1,5001.0,26.0,0.0,0.0,5008,26,0.0,0.0,0.0,0.0,5007.5,-268.9921875,5004.547169811321
3,24400,STARFRUIT,5002,7,5001.0,28.0,0.0,0.0,5008,28,0.0,0.0,0.0,0.0,5005.0,-268.4453125,5004.222222222223
3,24500,STARFRUIT,5004,3,5001.0,24.0,0.0,0.0,5006,5,5007.0,2.0,5008.0,22.0,5005.0,-271.296875,5004.571428571428
3,24600,STARFRUIT,5001,2,5000.0,21.0,0.0,0.0,5005,8,5007.0,23.0,0.0,0.0,5003.0,-276.703125,5003.759259259259
3,24700,STARFRUIT,5001,7,5000.0,28.0,0.0,0.0,5006,1,5007.0,27.0,0.0,0.0,5003.5,-292.2265625,5003.206349206349
3,24800,STARFRUIT,4999,27,0.0,0.0,0.0,0.0,5006,27,0.0,0.0,0.0,0.0,5002.5,-300.3046875,5002.5
3,24900,STARFRUIT,4999,31,0.0,0.0,0.0,0.0,5006,31,0.0,0.0,0.0,0.0,5002.5,-302.1640625,5002.5
3,25000,STARFRUIT,5000,8,4999.0,29.0,0.0,0.0,5006,29,0.0,0.0,0.0,0.0,5003.0,-308.4453125,5002.19696969697
3,25100,STARFRUIT,4999,2,4998.0,20.0,0.0,0.0,5005,22,0.0,0.0,0.0,0.0,5002.0,-329.109375,5001.545454545455
3,25200,STARFRUIT,4998,24,0.0,0.0,0.0,0.0,5003,5,5005.0,24.0,0.0,0.0,5000.5,-337.84375,5001.641509433963
3,25300,STARFRUIT,4997,26,0.0,0.0,0.0,0.0,5004,26,0.0,0.0,0.0,0.0,5000.5,-346.765625,5000.5
3,25400,STARFRUIT,4998,28,0.0,0.0,0.0,0.0,5005,28,0.0,0.0,0.0,0.0,5001.5,-333.921875,5001.5
3,25500,STARFRUIT,4999,8,4998.0,26.0,0.0,0.0,5005,26,0.0,0.0,0.0,0.0,5002.0,-304.74609375,5001.166666666667
3,25600,STARFRUIT,5003,5,4998.0,25.0,0.0,0.0,5005,25,0.0,0.0,0.0,0.0,5004.0,-307.53125,5001.636363636364
3,25700,STARFRUIT,5004,1,4998.0,26.0,0.0,0.0,5005,26,0.0,0.0,0.0,0.0,5004.5,-299.294921875,5001.547169811321
3,25800,STARFRUIT,4999,1,4998.0,26.0,0.0,0.0,5005,26,0.0,0.0,0.0,0.0,5002.0,-297.41796875,5001.452830188679
3,25900,STARFRUIT,4998,26,0.0,0.0,0.0,0.0,5005,26,0.0,0.0,0.0,0.0,5001.5,-297.587890625,5001.5
3,26000,STARFRUIT,4998,23,0.0,0.0,0.0,0.0,5005,23,0.0,0.0,0.0,0.0,5001.5,-297.1455078125,5001.5
3,26100,STARFRUIT,4998,32,0.0,0.0,0.0,0.0,5005,32,0.0,0.0,0.0,0.0,5001.5,-296.95703125,5001.5
3,26200,STARFRUIT,4999,3,4998.0,26.0,0.0,0.0,5005,26,0.0,0.0,0.0,0.0,5002.0,-292.71826171875,5001.363636363636
3,26300,STARFRUIT,4998,29,0.0,0.0,0.0,0.0,5003,7,5004.0,1.0,5005.0,28.0,5000.5,-292.91259765625,5001.6461538461535
3,26400,STARFRUIT,4998,30,0.0,0.0,0.0,0.0,5004,2,5005.0,28.0,0.0,0.0,5001.0,-292.9169921875,5001.466666666666
3,26500,STARFRUIT,4998,27,0.0,0.0,0.0,0.0,5001,4,5003.0,5.0,5005.0,27.0,4999.5,-292.9501953125,5001.587301587301
3,26600,STARFRUIT,4998,2,4997.0,29.0,0.0,0.0,5004,31,0.0,0.0,0.0,0.0,5001.0,-293.19580078125,5000.532258064516
3,26700,STARFRUIT,4998,26,0.0,0.0,0.0,0.0,5005,26,0.0,0.0,0.0,0.0,5001.5,-292.2568359375,5001.5
3,26800,STARFRUIT,4999,25,0.0,0.0,0.0,0.0,5006,25,0.0,0.0,0.0,0.0,5002.5,-229.2109375,5002.5
3,26900,STARFRUIT,5005,1,5000.0,1.0,4999.0,22.0,5006,23,0.0,0.0,0.0,0.0,5005.5,-226.3203125,5002.574468085107
3,27000,STARFRUIT,5000,2,4999.0,26.0,0.0,0.0,5006,28,0.0,0.0,0.0,0.0,5003.0,-222.0,5002.535714285715
3,27100,STARFRUIT,4999,24,0.0,0.0,0.0,0.0,5000,1,5006.0,24.0,0.0,0.0,4999.5,-220.03125,5002.448979591837
3,27200,STARFRUIT,5000,1,4999.0,24.0,0.0,0.0,5004,1,5006.0,26.0,0.0,0.0,5002.0,-268.0,5002.615384615385
3,27300,STARFRUIT,5000,2,4999.0,24.0,0.0,0.0,5006,26,0.0,0.0,0.0,0.0,5003.0,-268.0,5002.538461538462
3,27400,STARFRUIT,4999,30,0.0,0.0,0.0,0.0,5006,30,0.0,0.0,0.0,0.0,5002.5,-268.0,5002.5
3,27500,STARFRUIT,4999,25,0.0,0.0,0.0,0.0,5002,5,5005.0,2.0,5006.0,23.0,5000.5,-268.0,5002.418181818181
3,27600,STARFRUIT,4999,2,4998.0,28.0,0.0,0.0,5005,30,0.0,0.0,0.0,0.0,5002.0,-268.0,5001.533333333334
3,27700,STARFRUIT,5004,1,4998.0,30.0,0.0,0.0,5005,30,0.0,0.0,0.0,0.0,5004.5,-268.0,5001.540983606557
3,27800,STARFRUIT,4998,30,0.0,0.0,0.0,0.0,5005,30,0.0,0.0,0.0,0.0,5001.5,-265.3671875,5001.5
3,27900,STARFRUIT,5001,2,4998.0,25.0,0.0,0.0,5005,25,0.0,0.0,0.0,0.0,5003.0,-265.5263671875,5001.4807692307695
3,28000,STARFRUIT,4999,5,4998.0,22.0,0.0,0.0,5005,22,0.0,0.0,0.0,0.0,5002.0,-266.0,5001.244897959184
3,28100,STARFRUIT,4998,22,0.0,0.0,0.0,0.0,5004,2,5005.0,20.0,0.0,0.0,5001.0,-266.0,5001.454545454545
3,28200,STARFRUIT,4998,23,0.0,0.0,0.0,0.0,5005,23,0.0,0.0,0.0,0.0,5001.5,-266.0,5001.5
3,28300,STARFRUIT,4999,2,4998.0,28.0,0.0,0.0,5005,28,0.0,0.0,0.0,0.0,5002.0,-266.0,5001.413793103448
3,28400,STARFRUIT,4998,30,0.0,0.0,0.0,0.0,5005,30,0.0,0.0,0.0,0.0,5001.5,-266.0,5001.5
3,28500,STARFRUIT,4999,22,0.0,0.0,0.0,0.0,5006,22,0.0,0.0,0.0,0.0,5002.5,-266.0,5002.5
3,28600,STARFRUIT,5000,24,0.0,0.0,0.0,0.0,5005,8,5006.0,2.0,5007.0,22.0,5002.5,-266.0,5003.678571428572
3,28700,STARFRUIT,5000,31,0.0,0.0,0.0,0.0,5006,1,5007.0,30.0,0.0,0.0,5003.0,-266.0,5003.4838709677415
3,28800,STARFRUIT,4999,25,0.0,0.0,0.0,0.0,5006,25,0.0,0.0,0.0,0.0,5002.5,-266.0,5002.5
3,28900,STARFRUIT,5000,1,4999.0,22.0,0.0,0.0,5006,23,0.0,0.0,0.0,0.0,5003.0,-266.0,5002.521739130435
3,29000,STARFRUIT,5000,1,4999.0,25.0,0.0,0.0,5006,26,0.0,0.0,0.0,0.0,5003.0,-266.0,5002.5192307692305
3,29100,STARFRUIT,5000,2,4999.0,26.0,0.0,0.0,5006,28,0.0,0.0,0.0,0.0,5003.0,-326.0390625,5002.535714285715
3,29200,STARFRUIT,4999,24,0.0,0.0,0.0,0.0,5004,1,5006.0,24.0,0.0,0.0,5001.5,-331.953125,5002.530612244898
3,29300,STARFRUIT,5000,1,4999.0,23.0,0.0,0.0,5006,23,0.0,0.0,0.0,0.0,5003.0,-338.421875,5002.446808510638
3,29400,STARFRUIT,4999,23,0.0,0.0,0.0,0.0,5004,2,5005.0,1.0,5006.0,22.0,5001.5,-343.0625,5002.541666666667
3,29500,STARFRUIT,4999,2,4998.0,27.0,0.0,0.0,5005,29,0.0,0.0,0.0,0.0,5002.0,-347.4375,5001.5344827586205
3,29600,STARFRUIT,4998,26,0.0,0.0,0.0,0.0,5005,26,0.0,0.0,0.0,0.0,5001.5,-356.984375,5001.5
3,29700,STARFRUIT,5000,2,4999.0,28.0,0.0,0.0,5006,28,0.0,0.0,0.0,0.0,5003.0,-345.1796875,5002.413793103448
3,29800,STARFRUIT,4998,31,0.0,0.0,0.0,0.0,5005,31,0.0,0.0,0.0,0.0,5001.5,-355.5234375,5001.5
3,29900,STARFRUIT,5002,4,4998.0,7.0,4997.0,25.0,5004,25,0.0,0.0,0.0,0.0,5003.0,-376.0,5000.311475409836
3,30000,STARFRUIT,5003,1,5002.0,2.0,4997.0,20.0,5004,20,0.0,0.0,0.0,0.0,5003.5,-371.09375,5000.627906976744
3,30100,STARFRUIT,4997,20,0.0,0.0,0.0,0.0,5002,7,5004.0,20.0,0.0,0.0,4999.5,-365.140625,5000.723404255319
3,30200,STARFRUIT,4999,2,4998.0,30.0,0.0,0.0,5005,30,0.0,0.0,0.0,0.0,5002.0,-367.890625,5001.419354838709
3,30300,STARFRUIT,4999,8,4998.0,25.0,0.0,0.0,5004,2,5005.0,23.0,0.0,0.0,5001.5,-372.6875,5001.120689655172
3,30400,STARFRUIT,5001,4,4998.0,24.0,0.0,0.0,5005,24,0.0,0.0,0.0,0.0,5003.0,-368.734375,5001.461538461538
3,30500,STARFRUIT,4998,2,4997.0,26.0,0.0,0.0,5004,28,0.0,0.0,0.0,0.0,5001.0,-378.8203125,5000.535714285715
3,30600,STARFRUIT,5002,4,4999.0,8.0,4998.0,24.0,5005,24,0.0,0.0,0.0,0.0,5003.5,-374.65625,5001.2
3,30700,STARFRUIT,4997,22,0.0,0.0,0.0,0.0,5004,22,0.0,0.0,0.0,0.0,5000.5,-381.7734375,5000.5
3,30800,STARFRUIT,5003,1,4998.0,30.0,0.0,0.0,5004,1,5005.0,29.0,0.0,0.0,5003.5,-372.0,5001.508196721312
3,30900,STARFRUIT,4999,6,4998.0,29.0,0.0,0.0,5004,1,5005.0,28.0,0.0,0.0,5001.5,-371.2421875,5001.25
3,31000,STARFRUIT,4998,25,0.0,0.0,0.0,0.0,5004,2,5005.0,23.0,0.0,0.0,5001.0,-372.5546875,5001.46
3,31100,STARFRUIT,4998,24,0.0,0.0,0.0,0.0,5003,2,5005.0,24.0,0.0,0.0,5000.5,-360.21875,5001.56
3,31200,STARFRUIT,4998,31,0.0,0.0,0.0,0.0,5003,7,5005.0,31.0,0.0,0.0,5000.5,-359.875,5001.652173913043
3,31300,STARFRUIT,4998,23,0.0,0.0,0.0,0.0,4999,1,5005.0,23.0,0.0,0.0,4998.5,-358.7421875,5001.446808510638
3,31400,STARFRUIT,4999,1,4998.0,29.0,0.0,0.0,5003,4,5005.0,30.0,0.0,0.0,5001.0,-360.359375,5001.609375
3,31500,STARFRUIT,4998,28,0.0,0.0,0.0,0.0,5005,28,0.0,0.0,0.0,0.0,5001.5,-369.453125,5001.5
3,31600,STARFRUIT,4998,28,0.0,0.0,0.0,0.0,5005,28,0.0,0.0,0.0,0.0,5001.5,-366.0859375,5001.5
3,31700,STARFRUIT,4998,28,0.0,0.0,0.0,0.0,5005,28,0.0,0.0,0.0,0.0,5001.5,-370.0078125,5001.5
3,31800,STARFRUIT,4998,26,0.0,0.0,0.0,0.0,5005,26,0.0,0.0,0.0,0.0,5001.5,-365.953125,5001.5
3,31900,STARFRUIT,4998,26,0.0,0.0,0.0,0.0,5005,26,0.0,0.0,0.0,0.0,5001.5,-357.2734375,5001.5
3,32000,STARFRUIT,5004,1,4998.0,25.0,0.0,0.0,5005,25,0.0,0.0,0.0,0.0,5004.5,-355.2421875,5001.549019607844
3,32100,STARFRUIT,5003,1,4998.0,31.0,0.0,0.0,5005,31,0.0,0.0,0.0,0.0,5004.0,-359.453125,5001.523809523809
3,32200,STARFRUIT,4998,26,0.0,0.0,0.0,0.0,5000,3,5003.0,1.0,5005.0,26.0,4999.0,-352.875,5001.446428571428
3,32300,STARFRUIT,5004,1,5000.0,2.0,4999.0,23.0,5005,2,5006.0,21.0,0.0,0.0,5004.5,-392.0,5002.3877551020405
3,32400,STARFRUIT,4999,30,0.0,0.0,0.0,0.0,5005,2,5006.0,28.0,0.0,0.0,5002.0,-390.10546875,5002.466666666666
3,32500,STARFRUIT,4999,4,4998.0,21.0,0.0,0.0,5005,23,0.0,0.0,0.0,0.0,5002.0,-389.921875,5001.4375
3,32600,STARFRUIT,4999,31,0.0,0.0,0.0,0.0,5006,31,0.0,0.0,0.0,0.0,5002.5,-389.4775390625,5002.5
3,32700,STARFRUIT,5005,1,4999.0,31.0,0.0,0.0,5006,31,0.0,0.0,0.0,0.0,5005.5,-389.4873046875,5002.539682539683
3,32800,STARFRUIT,4999,24,0.0,0.0,0.0,0.0,5005,1,5006.0,23.0,0.0,0.0,5002.0,-456.453125,5002.479166666667
3,32900,STARFRUIT,4999,23,0.0,0.0,0.0,0.0,5006,23,0.0,0.0,0.0,0.0,5002.5,-455.359375,5002.5
3,33000,STARFRUIT,4999,24,0.0,0.0,0.0,0.0,5000,4,5006.0,24.0,0.0,0.0,4999.5,-414.71337890625,5002.307692307692
3,33100,STARFRUIT,4999,2,4998.0,20.0,0.0,0.0,5005,21,0.0,0.0,0.0,0.0,5002.0,-472.1796875,5001.46511627907
3,33200,STARFRUIT,5004,1,4998.0,21.0,0.0,0.0,5005,21,0.0,0.0,0.0,0.0,5004.5,-474.484375,5001.558139534884
3,33300,STARFRUIT,4998,24,0.0,0.0,0.0,0.0,5003,8,5005.0,24.0,0.0,0.0,5000.5,-466.2578125,5001.714285714285
3,33400,STARFRUIT,5004,1,5000.0,3.0,4999.0,30.0,5006,30,0.0,0.0,0.0,0.0,5005.0,-476.2421875,5002.40625
3,33500,STARFRUIT,4998,26,0.0,0.0,0.0,0.0,5005,26,0.0,0.0,0.0,0.0,5001.5,-471.359375,5001.5
3,33600,STARFRUIT,5003,1,4998.0,28.0,0.0,0.0,5005,28,0.0,0.0,0.0,0.0,5004.0,-461.8203125,5001.526315789473
3,33700,STARFRUIT,5003,1,4998.0,1.0,4997.0,25.0,5004,26,0.0,0.0,0.0,0.0,5003.5,-453.484375,5000.566037735849
3,33800,STARFRUIT,4999,4,4998.0,20.0,0.0,0.0,5005,20,0.0,0.0,0.0,0.0,5002.0,-457.9375,5001.272727272727
3,33900,STARFRUIT,4998,2,4997.0,22.0,0.0,0.0,5002,5,5004.0,24.0,0.0,0.0,5000.0,-451.6875,5000.679245283019
3,34000,STARFRUIT,4998,20,0.0,0.0,0.0,0.0,5005,21,0.0,0.0,0.0,0.0,5001.5,-455.5234375,5001.585365853659
3,34100,STARFRUIT,4998,1,4997.0,21.0,0.0,0.0,5004,22,0.0,0.0,0.0,0.0,5001.0,-451.734375,5000.522727272727
3,34200,STARFRUIT,4998,2,4997.0,26.0,0.0,0.0,5004,28,0.0,0.0,0.0,0.0,5001.0,-451.5703125,5000.535714285715
3,34300,STARFRUIT,4997,26,0.0,0.0,0.0,0.0,5004,27,0.0,0.0,0.0,0.0,5000.5,-439.703125,5000.566037735849
3,34400,STARFRUIT,4997,1,4996.0,30.0,0.0,0.0,5003,31,0.0,0.0,0.0,0.0,5000.0,-431.765625,4999.5161290322585
3,34500,STARFRUIT,4997,1,4996.0,23.0,0.0,0.0,5003,24,0.0,0.0,0.0,0.0,5000.0,-430.4453125,4999.520833333333
3,34600,STARFRUIT,4996,26,0.0,0.0,0.0,0.0,5002,1,5003.0,25.0,0.0,0.0,4999.0,-414.671875,4999.4807692307695
3,34700,STARFRUIT,4996,26,0.0,0.0,0.0,0.0,5003,27,0.0,0.0,0.0,0.0,4999.5,-418.453125,4999.566037735849
3,34800,STARFRUIT,5000,4,4996.0,29.0,0.0,0.0,5003,29,0.0,0.0,0.0,0.0,5001.5,-421.078125,4999.532258064516
3,34900,STARFRUIT,4996,24,0.0,0.0,0.0,0.0,5001,6,5002.0,2.0,5003.0,22.0,4998.5,-454.0,4999.62962962963
3,35000,STARFRUIT,4996,8,4995.0,22.0,0.0,0.0,5002,24,0.0,0.0,0.0,0.0,4999.0,-454.0,4998.259259259259
3,35100,STARFRUIT,4995,25,0.0,0.0,0.0,0.0,5001,2,5002.0,23.0,0.0,0.0,4998.0,-454.0,4998.46
3,35200,STARFRUIT,4995,1,4994.0,29.0,0.0,0.0,5001,30,0.0,0.0,0.0,0.0,4998.0,-454.0,4997.516666666666
3,35300,STARFRUIT,4995,2,4994.0,24.0,0.0,0.0,4999,1,5001.0,26.0,0.0,0.0,4997.0,-454.0,4997.566037735849
3,35400,STARFRUIT,4995,28,0.0,0.0,0.0,0.0,5000,4,5001.0,2.0,5002.0,26.0,4997.5,-454.0,4998.566666666667
3,35500,STARFRUIT,4995,21,0.0,0.0,0.0,0.0,5002,21,0.0,0.0,0.0,0.0,4998.5,-454.0,4998.5
3,35600,STARFRUIT,4995,1,4994.0,28.0,0.0,0.0,5001,30,0.0,0.0,0.0,0.0,4998.0,-454.0,4997.576271186441
3,35700,STARFRUIT,4994,1,4993.0,25.0,0.0,0.0,5000,25,0.0,0.0,0.0,0.0,4997.0,-447.416015625,4996.450980392156
3,35800,STARFRUIT,4999,1,4993.0,29.0,0.0,0.0,5000,29,0.0,0.0,0.0,0.0,4999.5,-447.34765625,4996.542372881356
3,35900,STARFRUIT,4994,29,0.0,0.0,0.0,0.0,5000,2,5001.0,27.0,0.0,0.0,4997.0,-446.361328125,4997.4655172413795
3,36000,STARFRUIT,4993,25,0.0,0.0,0.0,0.0,5000,25,0.0,0.0,0.0,0.0,4996.5,-445.5048828125,4996.5
3,36100,STARFRUIT,4993,27,0.0,0.0,0.0,0.0,5000,27,0.0,0.0,0.0,0.0,4996.5,-443.8642578125,4996.5
3,36200,STARFRUIT,4994,30,0.0,0.0,0.0,0.0,5000,30,0.0,0.0,0.0,0.0,4997.0,-446.0,4997.0
3,36300,STARFRUIT,4994,28,0.0,0.0,0.0,0.0,5001,28,0.0,0.0,0.0,0.0,4997.5,-448.16796875,4997.5
3,36400,STARFRUIT,4995,20,0.0,0.0,0.0,0.0,5000,2,5002.0,20.0,0.0,0.0,4997.5,-450.05859375,4998.571428571428
3,36500,STARFRUIT,4997,2,4995.0,4.0,4994.0,22.0,5001,24,0.0,0.0,0.0,0.0,4999.0,-448.88671875,4997.423076923077
3,36600,STARFRUIT,4994,24,0.0,0.0,0.0,0.0,4995,1,5001.0,24.0,0.0,0.0,4994.5,-448.49609375,4997.448979591837
3,36700,STARFRUIT,4994,29,0.0,0.0,0.0,0.0,5001,29,0.0,0.0,0.0,0.0,4997.5,-445.490234375,4997.5
3,36800,STARFRUIT,4995,27,0.0,0.0,0.0,0.0,5000,7,5001.0,2.0,5002.0,25.0,4997.5,-446.2685546875,4998.639344262295
3,36900,STARFRUIT,4995,31,0.0,0.0,0.0,0.0,5001,1,5002.0,30.0,0.0,0.0,4998.0,-446.427734375,4998.4838709677415
3,37000,STARFRUIT,4995,25,0.0,0.0,0.0,0.0,5002,25,0.0,0.0,0.0,0.0,4998.5,-446.837890625,4998.5
3,37100,STARFRUIT,4995,2,4994.0,26.0,0.0,0.0,5001,26,0.0,0.0,0.0,0.0,4998.0,-445.2353515625,4997.407407407408
3,37200,STARFRUIT,4994,29,0.0,0.0,0.0,0.0,5001,29,0.0,0.0,0.0,0.0,4997.5,-444.923828125,4997.5
3,37300,STARFRUIT,4998,4,4995.0,7.0,4994.0,26.0,5000,2,5001.0,24.0,0.0,0.0,4999.0,-444.30078125,4997.222222222223
3,37400,STARFRUIT,4995,3,4994.0,24.0,0.0,0.0,5000,1,5001.0,23.0,0.0,0.0,4997.5,-448.0,4997.333333333333
3,37500,STARFRUIT,4994,29,0.0,0.0,0.0,0.0,5001,29,0.0,0.0,0.0,0.0,4997.5,-448.0,4997.5
3,37600,STARFRUIT,4995,27,0.0,0.0,0.0,0.0,5001,1,5002.0,26.0,0.0,0.0,4998.0,-448.0,4998.481481481482
3,37700,STARFRUIT,4995,31,0.0,0.0,0.0,0.0,5002,31,0.0,0.0,0.0,0.0,4998.5,-443.2490234375,4998.5
3,37800,STARFRUIT,4995,21,0.0,0.0,0.0,0.0,5002,21,0.0,0.0,0.0,0.0,4998.5,-443.08984375,4998.5
3,37900,STARFRUIT,4995,31,0.0,0.0,0.0,0.0,5000,6,5001.0,1.0,5002.0,30.0,4997.5,-443.5712890625,4998.617647058823
3,38000,STARFRUIT,4995,24,0.0,0.0,0.0,0.0,4998,6,5001.0,1.0,5002.0,24.0,4996.5,-443.8349609375,4998.490909090909
3,38100,STARFRUIT,4994,32,0.0,0.0,0.0,0.0,5001,32,0.0,0.0,0.0,0.0,4997.5,-446.0,4997.5
3,38200,STARFRUIT,4995,22,0.0,0.0,0.0,0.0,5001,2,5002.0,20.0,0.0,0.0,4998.0,-420.17578125,4998.454545454545
3,38300,STARFRUIT,4995,4,4994.0,21.0,0.0,0.0,5001,21,0.0,0.0,0.0,0.0,4998.0,-422.19921875,4997.282608695652
3,38400,STARFRUIT,4998,5,4995.0,22.0,0.0,0.0,5000,2,5001.0,1.0,5002.0,21.0,4999.0,-420.3984375,4998.490196078431
3,38500,STARFRUIT,4999,2,4995.0,25.0,0.0,0.0,5000,7,5002.0,25.0,0.0,0.0,4999.5,-422.0,4998.6949152542375
3,38600,STARFRUIT,4995,31,0.0,0.0,0.0,0.0,5002,31,0.0,0.0,0.0,0.0,4998.5,-434.578125,4998.5
3,38700,STARFRUIT,4995,24,0.0,0.0,0.0,0.0,4996,9,5002.0,25.0,0.0,0.0,4995.5,-435.328125,4998.172413793103
3,38800,STARFRUIT,4995,28,0.0,0.0,0.0,0.0,5002,28,0.0,0.0,0.0,0.0,4998.5,-410.09375,4998.5
3,38900,STARFRUIT,4995,27,0.0,0.0,0.0,0.0,5002,27,0.0,0.0,0.0,0.0,4998.5,-405.22265625,4998.5
3,39000,STARFRUIT,4995,30,0.0,0.0,0.0,0.0,5000,7,5002.0,30.0,0.0,0.0,4997.5,-409.578125,4998.6567164179105
3,39100,STARFRUIT,4995,27,0.0,0.0,0.0,0.0,5000,6,5002.0,27.0,0.0,0.0,4997.5,-404.59375,4998.65
3,39200,STARFRUIT,4995,25,0.0,0.0,0.0,0.0,5002,25,0.0,0.0,0.0,0.0,4998.5,-403.35546875,4998.5
3,39300,STARFRUIT,4995,30,0.0,0.0,0.0,0.0,5002,30,0.0,0.0,0.0,0.0,4998.5,-401.44140625,4998.5
3,39400,STARFRUIT,4995,29,0.0,0.0,0.0,0.0,5001,2,5002.0,27.0,0.0,0.0,4998.0,-399.9375,4998.4655172413795
3,39500,STARFRUIT,4995,2,4994.0,24.0,0.0,0.0,4997,4,5001.0,26.0,0.0,0.0,4996.0,-396.44921875,4997.5
3,39600,STARFRUIT,4994,25,0.0,0.0,0.0,0.0,4995,1,5001.0,25.0,0.0,0.0,4994.5,-392.12109375,4997.450980392156
3,39700,STARFRUIT,5000,1,4995.0,29.0,0.0,0.0,5002,29,0.0,0.0,0.0,0.0,5001.0,-392.07421875,4998.525423728814
3,39800,STARFRUIT,4995,29,0.0,0.0,0.0,0.0,5002,29,0.0,0.0,0.0,0.0,4998.5,-390.17578125,4998.5
3,39900,STARFRUIT,4995,22,0.0,0.0,0.0,0.0,5000,1,5002.0,22.0,0.0,0.0,4997.5,-445.6640625,4998.533333333334
3,40000,STARFRUIT,4996,5,4995.0,21.0,0.0,0.0,5002,21,0.0,0.0,0.0,0.0,4999.0,-479.0,4998.234042553191
3,40100,STARFRUIT,4995,31,0.0,0.0,0.0,0.0,5002,31,0.0,0.0,0.0,0.0,4998.5,-547.34375,4998.5
3,40200,STARFRUIT,4996,30,0.0,0.0,0.0,0.0,5003,30,0.0,0.0,0.0,0.0,4999.5,-530.171875,4999.5
3,40300,STARFRUIT,4996,28,0.0,0.0,0.0,0.0,4998,5,4999.0,2.0,5003.0,28.0,4997.0,-525.234375,4999.3650793650795
3,40400,STARFRUIT,4997,25,0.0,0.0,0.0,0.0,5003,2,5004.0,23.0,0.0,0.0,5000.0,-521.5078125,5000.46
3,40500,STARFRUIT,4998,8,4997.0,23.0,0.0,0.0,5004,23,0.0,0.0,0.0,0.0,5001.0,-521.6015625,5000.12962962963
3,40600,STARFRUIT,4997,2,4996.0,21.0,0.0,0.0,5003,23,0.0,0.0,0.0,0.0,5000.0,-526.078125,4999.54347826087
3,40700,STARFRUIT,5002,1,4997.0,31.0,0.0,0.0,5003,2,5004.0,29.0,0.0,0.0,5002.5,-520.203125,5000.492063492064
3,40800,STARFRUIT,4997,22,0.0,0.0,0.0,0.0,5003,2,5004.0,20.0,0.0,0.0,5000.0,-518.8671875,5000.454545454545
3,40900,STARFRUIT,4996,32,0.0,0.0,0.0,0.0,5003,32,0.0,0.0,0.0,0.0,4999.5,-526.734375,4999.5
3,41000,STARFRUIT,4996,26,0.0,0.0,0.0,0.0,5003,26,0.0,0.0,0.0,0.0,4999.5,-517.5234375,4999.5
3,41100,STARFRUIT,4997,28,0.0,0.0,0.0,0.0,5002,6,5004.0,28.0,0.0,0.0,4999.5,-505.5,5000.645161290323
3,41200,STARFRUIT,4998,1,4997.0,28.0,0.0,0.0,5004,29,0.0,0.0,0.0,0.0,5001.0,-498.0703125,5000.517241379311
3,41300,STARFRUIT,4999,30,0.0,0.0,0.0,0.0,5006,30,0.0,0.0,0.0,0.0,5002.5,-483.5546875,5002.5
3,41400,STARFRUIT,4999,21,0.0,0.0,0.0,0.0,5006,22,0.0,0.0,0.0,0.0,5002.5,-478.96875,5002.581395348837
3,41500,STARFRUIT,5000,26,0.0,0.0,0.0,0.0,5005,4,5007.0,26.0,0.0,0.0,5002.5,-468.9921875,5003.607142857143
3,41600,STARFRUIT,5000,23,0.0,0.0,0.0,0.0,5007,23,0.0,0.0,0.0,0.0,5003.5,-467.37109375,5003.5
3,41700,STARFRUIT,5000,26,0.0,0.0,0.0,0.0,5007,26,0.0,0.0,0.0,0.0,5003.5,-466.9921875,5003.5
3,41800,STARFRUIT,5000,23,0.0,0.0,0.0,0.0,5005,6,5007.0,23.0,0.0,0.0,5002.5,-464.09375,5003.673076923077
3,41900,STARFRUIT,5000,23,0.0,0.0,0.0,0.0,5007,23,0.0,0.0,0.0,0.0,5003.5,-461.6796875,5003.5
3,42000,STARFRUIT,5000,24,0.0,0.0,0.0,0.0,5007,24,0.0,0.0,0.0,0.0,5003.5,-464.015625,5003.5
3,42100,STARFRUIT,5001,2,5000.0,24.0,0.0,0.0,5007,26,0.0,0.0,0.0,0.0,5004.0,-460.703125,5003.538461538462
3,42200,STARFRUIT,5001,26,0.0,0.0,0.0,0.0,5008,26,0.0,0.0,0.0,0.0,5004.5,-459.2265625,5004.5
3,42300,STARFRUIT,5000,32,0.0,0.0,0.0,0.0,5007,32,0.0,0.0,0.0,0.0,5003.5,-468.796875,5003.5
3,42400,STARFRUIT,5000,25,0.0,0.0,0.0,0.0,5001,9,5007.0,25.0,0.0,0.0,5000.5,-471.75,5003.118644067797
3,42500,STARFRUIT,4999,29,0.0,0.0,0.0,0.0,5006,29,0.0,0.0,0.0,0.0,5002.5,-508.0,5002.5
3,42600,STARFRUIT,5005,1,4999.0,29.0,0.0,0.0,5006,29,0.0,0.0,0.0,0.0,5005.5,-508.0,5002.542372881356
3,42700,STARFRUIT,5001,2,5000.0,22.0,0.0,0.0,5007,22,0.0,0.0,0.0,0.0,5004.0,-506.4482421875,5003.391304347826
3,42800,STARFRUIT,5000,22,0.0,0.0,0.0,0.0,5007,22,0.0,0.0,0.0,0.0,5003.5,-506.8486328125,5003.5
3,42900,STARFRUIT,5000,30,0.0,0.0,0.0,0.0,5005,5,5007.0,30.0,0.0,0.0,5002.5,-506.5322265625,5003.615384615385
3,43000,STARFRUIT,5000,23,0.0,0.0,0.0,0.0,5003,2,5007.0,23.0,0.0,0.0,5001.5,-506.3623046875,5003.479166666667
3,43100,STARFRUIT,5000,5,4999.0,27.0,0.0,0.0,5006,27,0.0,0.0,0.0,0.0,5003.0,-506.26708984375,5002.28813559322
3,43200,STARFRUIT,5000,23,0.0,0.0,0.0,0.0,5003,4,5005.0,6.0,5007.0,23.0,5001.5,-505.9580078125,5003.625
3,43300,STARFRUIT,4999,25,0.0,0.0,0.0,0.0,5006,25,0.0,0.0,0.0,0.0,5002.5,-506.48876953125,5002.5
3,43400,STARFRUIT,5000,3,4999.0,27.0,0.0,0.0,5006,29,0.0,0.0,0.0,0.0,5003.0,-506.0068359375,5002.4915254237285
3,43500,STARFRUIT,5000,2,4999.0,24.0,0.0,0.0,5006,26,0.0,0.0,0.0,0.0,5003.0,-506.16796875,5002.538461538462
3,43600,STARFRUIT,5005,1,4999.0,28.0,0.0,0.0,5006,28,0.0,0.0,0.0,0.0,5005.5,-506.48974609375,5002.543859649123
3,43700,STARFRUIT,4999,21,0.0,0.0,0.0,0.0,5000,3,5006.0,21.0,0.0,0.0,4999.5,-504.0,5002.333333333333
3,43800,STARFRUIT,4999,28,0.0,0.0,0.0,0.0,5006,28,0.0,0.0,0.0,0.0,5002.5,-504.0,5002.5
3,43900,STARFRUIT,4998,21,0.0,0.0,0.0,0.0,5003,4,5005.0,21.0,0.0,0.0,5000.5,-504.0,5001.630434782609
3,44000,STARFRUIT,5002,2,4999.0,27.0,0.0,0.0,5006,27,0.0,0.0,0.0,0.0,5004.0,-504.0,5002.482142857143
3,44100,STARFRUIT,5001,2,4998.0,26.0,0.0,0.0,5005,26,0.0,0.0,0.0,0.0,5003.0,-521.1328125,5001.481481481482
3,44200,STARFRUIT,4999,1,4998.0,26.0,0.0,0.0,5005,26,0.0,0.0,0.0,0.0,5002.0,-515.1171875,5001.452830188679
3,44300,STARFRUIT,5002,3,4998.0,24.0,0.0,0.0,5005,24,0.0,0.0,0.0,0.0,5003.5,-510.0546875,5001.529411764706
3,44400,STARFRUIT,4999,4,4998.0,26.0,0.0,0.0,5005,26,0.0,0.0,0.0,0.0,5002.0,-516.1875,5001.321428571428
3,44500,STARFRUIT,4999,2,4998.0,30.0,0.0,0.0,5005,32,0.0,0.0,0.0,0.0,5002.0,-520.4453125,5001.53125
3,44600,STARFRUIT,4998,27,0.0,0.0,0.0,0.0,5004,1,5005.0,26.0,0.0,0.0,5001.0,-504.90625,5001.481481481482
3,44700,STARFRUIT,4998,24,0.0,0.0,0.0,0.0,5004,1,5005.0,24.0,0.0,0.0,5001.0,-504.2578125,5001.551020408163
3,44800,STARFRUIT,4998,29,0.0,0.0,0.0,0.0,5005,29,0.0,0.0,0.0,0.0,5001.5,-510.5234375,5001.5
3,44900,STARFRUIT,4999,7,4998.0,20.0,0.0,0.0,5005,20,0.0,0.0,0.0,0.0,5002.0,-505.4296875,5001.127659574468
3,45000,STARFRUIT,4998,24,0.0,0.0,0.0,0.0,5005,24,0.0,0.0,0.0,0.0,5001.5,-511.453125,5001.5
3,45100,STARFRUIT,4998,22,0.0,0.0,0.0,0.0,5005,22,0.0,0.0,0.0,0.0,5001.5,-511.65625,5001.5
3,45200,STARFRUIT,4999,24,0.0,0.0,0.0,0.0,5006,24,0.0,0.0,0.0,0.0,5002.5,-527.609375,5002.5
3,45300,STARFRUIT,4999,27,0.0,0.0,0.0,0.0,5006,27,0.0,0.0,0.0,0.0,5002.5,-534.5,5002.5
3,45400,STARFRUIT,4999,28,0.0,0.0,0.0,0.0,5004,1,5006.0,28.0,0.0,0.0,5001.5,-528.140625,5002.526315789473
3,45500,STARFRUIT,4998,26,0.0,0.0,0.0,0.0,5005,26,0.0,0.0,0.0,0.0,5001.5,-511.1328125,5001.5
3,45600,STARFRUIT,4998,24,0.0,0.0,0.0,0.0,4999,1,5005.0,24.0,0.0,0.0,4998.5,-512.046875,5001.448979591837
3,45700,STARFRUIT,4999,5,4998.0,26.0,0.0,0.0,5005,26,0.0,0.0,0.0,0.0,5002.0,-506.7734375,5001.2807017543855
3,45800,STARFRUIT,4997,26,0.0,0.0,0.0,0.0,5004,26,0.0,0.0,0.0,0.0,5000.5,-491.234375,5000.5
3,45900,STARFRUIT,4998,4,4997.0,22.0,0.0,0.0,5004,22,0.0,0.0,0.0,0.0,5001.0,-493.5703125,5000.291666666667
3,46000,STARFRUIT,5002,1,4997.0,31.0,0.0,0.0,5004,31,0.0,0.0,0.0,0.0,5003.0,-490.46875,5000.523809523809
3,46100,STARFRUIT,4997,6,4996.0,29.0,0.0,0.0,5003,29,0.0,0.0,0.0,0.0,5000.0,-473.765625,4999.265625
3,46200,STARFRUIT,4997,6,4996.0,30.0,0.0,0.0,5002,2,5003.0,28.0,0.0,0.0,4999.5,-461.8203125,4999.242424242424
3,46300,STARFRUIT,4996,27,0.0,0.0,0.0,0.0,5003,27,0.0,0.0,0.0,0.0,4999.5,-466.890625,4999.5
3,46400,STARFRUIT,4996,24,0.0,0.0,0.0,0.0,5001,4,5003.0,24.0,0.0,0.0,4998.5,-473.375,4999.615384615385
3,46500,STARFRUIT,4997,2,4996.0,28.0,0.0,0.0,5003,30,0.0,0.0,0.0,0.0,5000.0,-476.234375,4999.533333333334
3,46600,STARFRUIT,4996,24,0.0,0.0,0.0,0.0,5003,24,0.0,0.0,0.0,0.0,4999.5,-469.046875,4999.5
3,46700,STARFRUIT,4996,23,0.0,0.0,0.0,0.0,5003,23,0.0,0.0,0.0,0.0,4999.5,-466.59375,4999.5
3,46800,STARFRUIT,4995,31,0.0,0.0,0.0,0.0,5000,2,5002.0,31.0,0.0,0.0,4997.5,-452.96875,4998.546875
3,46900,STARFRUIT,4996,7,4995.0,22.0,0.0,0.0,5001,2,5002.0,20.0,0.0,0.0,4998.5,-443.4453125,4998.117647058823
3,47000,STARFRUIT,4999,3,4994.0,28.0,0.0,0.0,5001,28,0.0,0.0,0.0,0.0,5000.0,-429.5546875,4997.576271186441
3,47100,STARFRUIT,4995,4,4994.0,27.0,0.0,0.0,5001,27,0.0,0.0,0.0,0.0,4998.0,-419.09375,4997.327586206897
3,47200,STARFRUIT,4994,8,4993.0,29.0,0.0,0.0,4999,2,5000.0,27.0,0.0,0.0,4996.5,-399.8515625,4996.166666666667
3,47300,STARFRUIT,4999,1,4994.0,1.0,4993.0,27.0,5000,28,0.0,0.0,0.0,0.0,4999.5,-415.1796875,4996.561403508772
3,47400,STARFRUIT,4994,2,4993.0,25.0,0.0,0.0,5000,27,0.0,0.0,0.0,0.0,4997.0,-417.453125,4996.537037037037
3,47500,STARFRUIT,4993,21,0.0,0.0,0.0,0.0,5000,21,0.0,0.0,0.0,0.0,4996.5,-416.984375,4996.5
3,47600,STARFRUIT,4993,24,0.0,0.0,0.0,0.0,5000,24,0.0,0.0,0.0,0.0,4996.5,-411.390625,4996.5
3,47700,STARFRUIT,4993,25,0.0,0.0,0.0,0.0,5000,25,0.0,0.0,0.0,0.0,4996.5,-410.8046875,4996.5
3,47800,STARFRUIT,4998,10,4993.0,25.0,0.0,0.0,5000,25,0.0,0.0,0.0,0.0,4999.0,-410.015625,4996.75
3,47900,STARFRUIT,4993,22,0.0,0.0,0.0,0.0,4999,2,5000.0,21.0,0.0,0.0,4996.0,-459.0,4996.533333333334
3,48000,STARFRUIT,4993,2,4992.0,27.0,0.0,0.0,4999,29,0.0,0.0,0.0,0.0,4996.0,-440.07421875,4995.5344827586205
3,48100,STARFRUIT,4992,28,0.0,0.0,0.0,0.0,4999,28,0.0,0.0,0.0,0.0,4995.5,-440.53515625,4995.5
3,48200,STARFRUIT,4992,27,0.0,0.0,0.0,0.0,4998,1,4999.0,26.0,0.0,0.0,4995.0,-433.4375,4995.481481481482
3,48300,STARFRUIT,4992,2,4991.0,27.0,0.0,0.0,4998,29,0.0,0.0,0.0,0.0,4995.0,-429.79296875,4994.5344827586205
3,48400,STARFRUIT,4992,1,4991.0,29.0,0.0,0.0,4998,30,0.0,0.0,0.0,0.0,4995.0,-431.765625,4994.516666666666
3,48500,STARFRUIT,4992,27,0.0,0.0,0.0,0.0,4999,27,0.0,0.0,0.0,0.0,4995.5,-433.1015625,4995.5
3,48600,STARFRUIT,4991,22,0.0,0.0,0.0,0.0,4996,6,4998.0,22.0,0.0,0.0,4993.5,-429.21875,4994.68
3,48700,STARFRUIT,4991,27,0.0,0.0,0.0,0.0,4998,27,0.0,0.0,0.0,0.0,4994.5,-425.45703125,4994.5
3,48800,STARFRUIT,4990,24,0.0,0.0,0.0,0.0,4997,24,0.0,0.0,0.0,0.0,4993.5,-422.3515625,4993.5
3,48900,STARFRUIT,4990,30,0.0,0.0,0.0,0.0,4997,30,0.0,0.0,0.0,0.0,4993.5,-420.328125,4993.5
3,49000,STARFRUIT,4990,23,0.0,0.0,0.0,0.0,4997,23,0.0,0.0,0.0,0.0,4993.5,-419.6015625,4993.5
3,49100,STARFRUIT,4996,1,4990.0,31.0,0.0,0.0,4997,31,0.0,0.0,0.0,0.0,4996.5,-419.84375,4993.539682539683
3,49200,STARFRUIT,4995,1,4991.0,1.0,4990.0,24.0,4997,24,0.0,0.0,0.0,0.0,4996.0,-415.515625,4993.48
3,49300,STARFRUIT,4995,3,4992.0,5.0,4991.0,29.0,4997,2,4998.0,27.0,0.0,0.0,4996.0,-421.890625,4994.30303030303
3,49400,STARFRUIT,4991,23,0.0,0.0,0.0,0.0,4998,23,0.0,0.0,0.0,0.0,4994.5,-426.8125,4994.5
3,49500,STARFRUIT,4991,26,0.0,0.0,0.0,0.0,4998,26,0.0,0.0,0.0,0.0,4994.5,-402.015625,4994.5
3,49600,STARFRUIT,4991,28,0.0,0.0,0.0,0.0,4998,28,0.0,0.0,0.0,0.0,4994.5,-407.4765625,4994.5
3,49700,STARFRUIT,4990,24,0.0,0.0,0.0,0.0,4997,24,0.0,0.0,0.0,0.0,4993.5,-394.125,4993.5
3,49800,STARFRUIT,4990,30,0.0,0.0,0.0,0.0,4995,2,4997.0,30.0,0.0,0.0,4992.5,-384.359375,4993.548387096775
3,49900,STARFRUIT,4990,27,0.0,0.0,0.0,0.0,4995,1,4997.0,27.0,0.0,0.0,4992.5,-384.6328125,4993.527272727273
3,50000,STARFRUIT,4991,2,4990.0,24.0,0.0,0.0,4997,25,0.0,0.0,0.0,0.0,4994.0,-398.6796875,4993.470588235294
3,50100,STARFRUIT,4991,1,4990.0,22.0,0.0,0.0,4997,23,0.0,0.0,0.0,0.0,4994.0,-398.7578125,4993.521739130435
3,50200,STARFRUIT,4991,31,0.0,0.0,0.0,0.0,4997,1,4998.0,30.0,0.0,0.0,4994.0,-400.25,4994.4838709677415
3,50300,STARFRUIT,4990,21,0.0,0.0,0.0,0.0,4997,21,0.0,0.0,0.0,0.0,4993.5,-396.421875,4993.5
3,50400,STARFRUIT,4990,30,0.0,0.0,0.0,0.0,4997,31,0.0,0.0,0.0,0.0,4993.5,-397.7109375,4993.55737704918
3,50500,STARFRUIT,4991,24,0.0,0.0,0.0,0.0,4996,7,4997.0,2.0,4998.0,22.0,4993.5,-401.1484375,4994.654545454546
3,50600,STARFRUIT,4991,24,0.0,0.0,0.0,0.0,4998,24,0.0,0.0,0.0,0.0,4994.5,-374.22265625,4994.5
3,50700,STARFRUIT,4993,2,4992.0,31.0,0.0,0.0,4999,31,0.0,0.0,0.0,0.0,4996.0,-378.916015625,4995.421875
3,50800,STARFRUIT,4992,24,0.0,0.0,0.0,0.0,4997,5,4998.0,2.0,4999.0,22.0,4994.5,-377.6875,4995.603773584906
3,50900,STARFRUIT,4992,26,0.0,0.0,0.0,0.0,4999,26,0.0,0.0,0.0,0.0,4995.5,-381.0703125,4995.5
3,51000,STARFRUIT,4993,5,4992.0,27.0,0.0,0.0,4999,27,0.0,0.0,0.0,0.0,4996.0,-378.740234375,4995.28813559322
3,51100,STARFRUIT,4992,21,0.0,0.0,0.0,0.0,4997,2,4999.0,21.0,0.0,0.0,4994.5,-382.748046875,4995.568181818182
3,51200,STARFRUIT,4993,23,0.0,0.0,0.0,0.0,5000,23,0.0,0.0,0.0,0.0,4996.5,-386.0234375,4996.5
3,51300,STARFRUIT,4994,5,4993.0,28.0,0.0,0.0,4999,1,5000.0,27.0,0.0,0.0,4996.5,-384.177734375,4996.2786885245905
3,51400,STARFRUIT,4995,5,4992.0,27.0,0.0,0.0,4999,27,0.0,0.0,0.0,0.0,4997.0,-382.53125,4995.457627118644
3,51500,STARFRUIT,4992,22,0.0,0.0,0.0,0.0,4994,5,4999.0,22.0,0.0,0.0,4993.0,-380.984375,4995.34693877551
3,51600,STARFRUIT,4992,30,0.0,0.0,0.0,0.0,4999,30,0.0,0.0,0.0,0.0,4995.5,-372.14453125,4995.5
3,51700,STARFRUIT,4992,23,0.0,0.0,0.0,0.0,4999,23,0.0,0.0,0.0,0.0,4995.5,-372.314453125,4995.5
3,51800,STARFRUIT,4992,24,0.0,0.0,0.0,0.0,4999,24,0.0,0.0,0.0,0.0,4995.5,-372.578125,4995.5
3,51900,STARFRUIT,4997,1,4992.0,24.0,0.0,0.0,4998,2,4999.0,22.0,0.0,0.0,4997.5,-372.17724609375,4995.489795918367
3,52000,STARFRUIT,4993,1,4992.0,21.0,0.0,0.0,4995,4,4998.0,1.0,4999.0,20.0,4994.0,-377.86474609375,4995.382978723404
3,52100,STARFRUIT,4997,1,4992.0,8.0,4991.0,20.0,4998,20,0.0,0.0,0.0,0.0,4997.5,-379.0,4994.142857142857
3,52200,STARFRUIT,4992,2,4991.0,25.0,0.0,0.0,4998,27,0.0,0.0,0.0,0.0,4995.0,-376.96142578125,4994.537037037037
3,52300,STARFRUIT,4992,27,0.0,0.0,0.0,0.0,4998,2,4999.0,25.0,0.0,0.0,4995.0,-377.208984375,4995.462962962963
3,52400,STARFRUIT,4992,27,0.0,0.0,0.0,0.0,4997,1,4999.0,27.0,0.0,0.0,4994.5,-377.4931640625,4995.527272727273
3,52500,STARFRUIT,4992,2,4991.0,26.0,0.0,0.0,4998,28,0.0,0.0,0.0,0.0,4995.0,-376.9287109375,4994.535714285715
3,52600,STARFRUIT,4996,5,4992.0,1.0,4991.0,24.0,4998,25,0.0,0.0,0.0,0.0,4997.0,-376.84423828125,4994.654545454546
3,52700,STARFRUIT,4997,1,4992.0,5.0,4991.0,24.0,4998,26,0.0,0.0,0.0,0.0,4997.5,-370.53125,4994.446428571428
3,52800,STARFRUIT,4992,23,0.0,0.0,0.0,0.0,4999,23,0.0,0.0,0.0,0.0,4995.5,-373.70703125,4995.5
3,52900,STARFRUIT,4992,2,4991.0,25.0,0.0,0.0,4998,27,0.0,0.0,0.0,0.0,4995.0,-369.69140625,4994.537037037037
3,53000,STARFRUIT,4991,26,0.0,0.0,0.0,0.0,4998,26,0.0,0.0,0.0,0.0,4994.5,-364.55859375,4994.5
3,53100,STARFRUIT,4991,23,0.0,0.0,0.0,0.0,4996,3,4998.0,23.0,0.0,0.0,4993.5,-363.5390625,4994.591836734694
3,53200,STARFRUIT,4990,27,0.0,0.0,0.0,0.0,4995,4,4997.0,27.0,0.0,0.0,4992.5,-360.59375,4993.603448275862
3,53300,STARFRUIT,4991,2,4990.0,21.0,0.0,0.0,4997,23,0.0,0.0,0.0,0.0,4994.0,-362.90625,4993.54347826087
3,53400,STARFRUIT,4990,28,0.0,0.0,0.0,0.0,4997,28,0.0,0.0,0.0,0.0,4993.5,-404.09765625,4993.5
3,53500,STARFRUIT,4991,30,0.0,0.0,0.0,0.0,4997,2,4998.0,28.0,0.0,0.0,4994.0,-401.68359375,4994.466666666666
3,53600,STARFRUIT,4991,1,4990.0,26.0,0.0,0.0,4997,27,0.0,0.0,0.0,0.0,4994.0,-402.37890625,4993.518518518518
3,53700,STARFRUIT,4990,30,0.0,0.0,0.0,0.0,4997,30,0.0,0.0,0.0,0.0,4993.5,-403.828125,4993.5
3,53800,STARFRUIT,4990,25,0.0,0.0,0.0,0.0,4997,25,0.0,0.0,0.0,0.0,4993.5,-405.23046875,4993.5
3,53900,STARFRUIT,4990,27,0.0,0.0,0.0,0.0,4997,27,0.0,0.0,0.0,0.0,4993.5,-406.125,4993.5
3,54000,STARFRUIT,4990,4,4989.0,28.0,0.0,0.0,4996,28,0.0,0.0,0.0,0.0,4993.0,-408.380859375,4992.333333333333
3,54100,STARFRUIT,4990,21,0.0,0.0,0.0,0.0,4997,21,0.0,0.0,0.0,0.0,4993.5,-405.0234375,4993.5
3,54200,STARFRUIT,4990,22,0.0,0.0,0.0,0.0,4993,5,4997.0,23.0,0.0,0.0,4991.5,-379.45703125,4993.52
3,54300,STARFRUIT,4990,27,0.0,0.0,0.0,0.0,4991,6,4997.0,28.0,0.0,0.0,4990.5,-375.0,4993.311475409836
3,54400,STARFRUIT,4991,24,0.0,0.0,0.0,0.0,4998,24,0.0,0.0,0.0,0.0,4994.5,-375.0,4994.5
3,54500,STARFRUIT,4990,21,0.0,0.0,0.0,0.0,4997,21,0.0,0.0,0.0,0.0,4993.5,-375.0,4993.5
3,54600,STARFRUIT,4990,32,0.0,0.0,0.0,0.0,4997,32,0.0,0.0,0.0,0.0,4993.5,-375.0,4993.5
3,54700,STARFRUIT,4990,26,0.0,0.0,0.0,0.0,4997,26,0.0,0.0,0.0,0.0,4993.5,-375.0,4993.5
3,54800,STARFRUIT,4990,23,0.0,0.0,0.0,0.0,4996,1,4997.0,22.0,0.0,0.0,4993.0,-375.0,4993.478260869565
3,54900,STARFRUIT,4991,3,4990.0,24.0,0.0,0.0,4997,24,0.0,0.0,0.0,0.0,4994.0,-375.0,4993.35294117647
3,55000,STARFRUIT,4991,8,4990.0,24.0,0.0,0.0,4997,24,0.0,0.0,0.0,0.0,4994.0,-372.3408203125,4993.142857142857
3,55100,STARFRUIT,4989,24,0.0,0.0,0.0,0.0,4996,24,0.0,0.0,0.0,0.0,4992.5,-373.1240234375,4992.5
3,55200,STARFRUIT,4990,27,0.0,0.0,0.0,0.0,4997,27,0.0,0.0,0.0,0.0,4993.5,-371.5048828125,4993.5
3,55300,STARFRUIT,4991,25,0.0,0.0,0.0,0.0,4992,1,4994.0,4.0,4998.0,25.0,4991.5,-369.642578125,4994.418181818181
3,55400,STARFRUIT,4992,30,0.0,0.0,0.0,0.0,4993,1,4995.0,6.0,4999.0,30.0,4992.5,-367.8203125,4995.417910447762
3,55500,STARFRUIT,4992,21,0.0,0.0,0.0,0.0,4998,1,4999.0,20.0,0.0,0.0,4995.0,-373.0,4995.476190476191
3,55600,STARFRUIT,4992,23,0.0,0.0,0.0,0.0,4999,23,0.0,0.0,0.0,0.0,4995.5,-340.1953125,4995.5
3,55700,STARFRUIT,4993,8,4992.0,22.0,0.0,0.0,4999,22,0.0,0.0,0.0,0.0,4996.0,-338.296875,4995.115384615385
3,55800,STARFRUIT,4992,20,0.0,0.0,0.0,0.0,4999,20,0.0,0.0,0.0,0.0,4995.5,-341.65625,4995.5
3,55900,STARFRUIT,4993,6,4992.0,31.0,0.0,0.0,4995,3,4999.0,31.0,0.0,0.0,4994.0,-334.8203125,4995.267605633803
3,56000,STARFRUIT,4994,8,4993.0,27.0,0.0,0.0,4999,1,5000.0,26.0,0.0,0.0,4996.5,-359.0,4996.1612903225805
3,56100,STARFRUIT,4992,20,0.0,0.0,0.0,0.0,4993,1,4997.0,4.0,4999.0,20.0,4992.5,-359.0,4995.577777777778
3,56200,STARFRUIT,4995,5,4992.0,25.0,0.0,0.0,4999,25,0.0,0.0,0.0,0.0,4997.0,-359.0,4995.454545454545
3,56300,STARFRUIT,4992,26,0.0,0.0,0.0,0.0,4998,2,4999.0,24.0,0.0,0.0,4995.0,-435.21875,4995.461538461538
3,56400,STARFRUIT,4991,21,0.0,0.0,0.0,0.0,4992,1,4998.0,21.0,0.0,0.0,4991.5,-440.875,4994.441860465116
3,56500,STARFRUIT,4991,28,0.0,0.0,0.0,0.0,4998,28,0.0,0.0,0.0,0.0,4994.5,-499.0,4994.5
3,56600,STARFRUIT,4992,31,0.0,0.0,0.0,0.0,4999,31,0.0,0.0,0.0,0.0,4995.5,-499.0,4995.5
3,56700,STARFRUIT,4993,2,4992.0,25.0,0.0,0.0,4998,1,4999.0,24.0,0.0,0.0,4995.5,-499.0,4995.384615384615
3,56800,STARFRUIT,4992,20,0.0,0.0,0.0,0.0,4999,20,0.0,0.0,0.0,0.0,4995.5,-501.6708984375,4995.5
3,56900,STARFRUIT,4992,22,0.0,0.0,0.0,0.0,4998,1,4999.0,21.0,0.0,0.0,4995.0,-475.859375,4995.477272727273
3,57000,STARFRUIT,4997,1,4993.0,2.0,4992.0,23.0,4999,23,0.0,0.0,0.0,0.0,4998.0,-477.30078125,4995.428571428572
3,57100,STARFRUIT,4992,25,0.0,0.0,0.0,0.0,4999,25,0.0,0.0,0.0,0.0,4995.5,-475.59375,4995.5
3,57200,STARFRUIT,4992,1,4991.0,24.0,0.0,0.0,4998,25,0.0,0.0,0.0,0.0,4995.0,-445.515625,4994.52
3,57300,STARFRUIT,4992,1,4991.0,20.0,0.0,0.0,4998,21,0.0,0.0,0.0,0.0,4995.0,-442.1796875,4994.523809523809
3,57400,STARFRUIT,4992,2,4991.0,29.0,0.0,0.0,4994,5,4998.0,31.0,0.0,0.0,4993.0,-442.203125,4994.492537313433
3,57500,STARFRUIT,4991,27,0.0,0.0,0.0,0.0,4998,27,0.0,0.0,0.0,0.0,4994.5,-434.2578125,4994.5
3,57600,STARFRUIT,4990,31,0.0,0.0,0.0,0.0,4997,31,0.0,0.0,0.0,0.0,4993.5,-422.7890625,4993.5
3,57700,STARFRUIT,4990,27,0.0,0.0,0.0,0.0,4997,27,0.0,0.0,0.0,0.0,4993.5,-422.7421875,4993.5
3,57800,STARFRUIT,4991,3,4990.0,23.0,0.0,0.0,4997,24,0.0,0.0,0.0,0.0,4994.0,-424.71875,4993.42
3,57900,STARFRUIT,4991,2,4990.0,28.0,0.0,0.0,4997,30,0.0,0.0,0.0,0.0,4994.0,-427.7734375,4993.533333333334
3,58000,STARFRUIT,4991,1,4990.0,28.0,0.0,0.0,4997,29,0.0,0.0,0.0,0.0,4994.0,-425.3046875,4993.517241379311
3,58100,STARFRUIT,4990,30,0.0,0.0,0.0,0.0,4997,31,0.0,0.0,0.0,0.0,4993.5,-417.6328125,4993.55737704918
3,58200,STARFRUIT,4996,1,4990.0,26.0,0.0,0.0,4997,26,0.0,0.0,0.0,0.0,4996.5,-423.3984375,4993.547169811321
3,58300,STARFRUIT,4990,28,0.0,0.0,0.0,0.0,4996,2,4997.0,26.0,0.0,0.0,4993.0,-404.828125,4993.464285714285
3,58400,STARFRUIT,4991,7,4990.0,29.0,0.0,0.0,4997,29,0.0,0.0,0.0,0.0,4994.0,-419.0859375,4993.2307692307695
3,58500,STARFRUIT,4991,24,0.0,0.0,0.0,0.0,4997,1,4998.0,23.0,0.0,0.0,4994.0,-423.2265625,4994.479166666667
3,58600,STARFRUIT,4991,21,0.0,0.0,0.0,0.0,4992,1,4998.0,21.0,0.0,0.0,4991.5,-433.46875,4994.441860465116
3,58700,STARFRUIT,4991,27,0.0,0.0,0.0,0.0,4998,27,0.0,0.0,0.0,0.0,4994.5,-429.21875,4994.5
3,58800,STARFRUIT,4991,20,0.0,0.0,0.0,0.0,4998,20,0.0,0.0,0.0,0.0,4994.5,-426.3046875,4994.5
3,58900,STARFRUIT,4991,22,0.0,0.0,0.0,0.0,4996,2,4997.0,2.0,4998.0,21.0,4993.5,-423.9140625,4994.595744680851
3,59000,STARFRUIT,4991,24,0.0,0.0,0.0,0.0,4998,24,0.0,0.0,0.0,0.0,4994.5,-427.0234375,4994.5
3,59100,STARFRUIT,4992,2,4991.0,22.0,0.0,0.0,4998,22,0.0,0.0,0.0,0.0,4995.0,-430.0234375,4994.391304347826
3,59200,STARFRUIT,4994,5,4991.0,25.0,0.0,0.0,4998,25,0.0,0.0,0.0,0.0,4996.0,-425.40625,4994.454545454545
3,59300,STARFRUIT,4991,29,0.0,0.0,0.0,0.0,4998,29,0.0,0.0,0.0,0.0,4994.5,-426.203125,4994.5
3,59400,STARFRUIT,4991,8,4990.0,29.0,0.0,0.0,4997,29,0.0,0.0,0.0,0.0,4994.0,-413.96875,4993.19696969697
3,59500,STARFRUIT,4990,24,0.0,0.0,0.0,0.0,4997,24,0.0,0.0,0.0,0.0,4993.5,-417.4296875,4993.5
3,59600,STARFRUIT,4990,25,0.0,0.0,0.0,0.0,4997,25,0.0,0.0,0.0,0.0,4993.5,-411.9296875,4993.5
3,59700,STARFRUIT,4990,30,0.0,0.0,0.0,0.0,4991,1,4997.0,30.0,0.0,0.0,4990.5,-408.5078125,4993.459016393443
3,59800,STARFRUIT,4990,28,0.0,0.0,0.0,0.0,4997,28,0.0,0.0,0.0,0.0,4993.5,-406.3046875,4993.5
3,59900,STARFRUIT,4991,2,4990.0,23.0,0.0,0.0,4997,25,0.0,0.0,0.0,0.0,4994.0,-412.90625,4993.54
3,60000,STARFRUIT,4991,21,0.0,0.0,0.0,0.0,4998,21,0.0,0.0,0.0,0.0,4994.5,-421.7109375,4994.5
3,60100,STARFRUIT,4995,4,4992.0,2.0,4991.0,24.0,4998,24,0.0,0.0,0.0,0.0,4996.5,-416.1015625,4994.444444444444
3,60200,STARFRUIT,4991,26,0.0,0.0,0.0,0.0,4996,2,4998.0,26.0,0.0,0.0,4993.5,-442.68359375,4994.555555555556
3,60300,STARFRUIT,4990,27,0.0,0.0,0.0,0.0,4991,1,4997.0,27.0,0.0,0.0,4990.5,-437.2421875,4993.454545454545
3,60400,STARFRUIT,4996,1,4991.0,1.0,4990.0,20.0,4997,21,0.0,0.0,0.0,0.0,4996.5,-435.83984375,4993.581395348837
3,60500,STARFRUIT,4990,21,0.0,0.0,0.0,0.0,4997,21,0.0,0.0,0.0,0.0,4993.5,-426.23046875,4993.5
3,60600,STARFRUIT,4990,1,4989.0,27.0,0.0,0.0,4996,28,0.0,0.0,0.0,0.0,4993.0,-424.421875,4992.517857142857
3,60700,STARFRUIT,4991,2,4990.0,25.0,0.0,0.0,4997,27,0.0,0.0,0.0,0.0,4994.0,-431.17578125,4993.537037037037
3,60800,STARFRUIT,4990,29,0.0,0.0,0.0,0.0,4995,1,4997.0,29.0,0.0,0.0,4992.5,-467.0419921875,4993.525423728814
3,60900,STARFRUIT,4991,30,0.0,0.0,0.0,0.0,4998,30,0.0,0.0,0.0,0.0,4994.5,-465.7255859375,4994.5
3,61000,STARFRUIT,4990,23,0.0,0.0,0.0,0.0,4995,2,4997.0,23.0,0.0,0.0,4992.5,-466.466796875,4993.5625
3,61100,STARFRUIT,4991,7,4990.0,29.0,0.0,0.0,4997,30,0.0,0.0,0.0,0.0,4994.0,-466.1484375,4993.287878787879
3,61200,STARFRUIT,4990,28,0.0,0.0,0.0,0.0,4993,1,4995.0,6.0,4997.0,28.0,4991.5,-466.7607421875,4993.6349206349205
3,61300,STARFRUIT,4992,5,4991.0,22.0,0.0,0.0,4997,1,4998.0,21.0,0.0,0.0,4994.5,-468.0,4994.224489795918
3,61400,STARFRUIT,4996,1,4991.0,22.0,0.0,0.0,4998,22,0.0,0.0,0.0,0.0,4997.0,-468.0,4994.533333333334
3,61500,STARFRUIT,4991,29,0.0,0.0,0.0,0.0,4996,2,4998.0,29.0,0.0,0.0,4993.5,-466.29931640625,4994.55
3,61600,STARFRUIT,4991,22,0.0,0.0,0.0,0.0,4998,22,0.0,0.0,0.0,0.0,4994.5,-466.32666015625,4994.5
3,61700,STARFRUIT,4991,23,0.0,0.0,0.0,0.0,4996,2,4998.0,23.0,0.0,0.0,4993.5,-466.515625,4994.5625
3,61800,STARFRUIT,4991,29,0.0,0.0,0.0,0.0,4998,29,0.0,0.0,0.0,0.0,4994.5,-466.6171875,4994.5
3,61900,STARFRUIT,4991,27,0.0,0.0,0.0,0.0,4998,27,0.0,0.0,0.0,0.0,4994.5,-466.384765625,4994.5
3,62000,STARFRUIT,4991,26,0.0,0.0,0.0,0.0,4998,26,0.0,0.0,0.0,0.0,4994.5,-461.97265625,4994.5
3,62100,STARFRUIT,4991,26,0.0,0.0,0.0,0.0,4992,2,4998.0,26.0,0.0,0.0,4991.5,-461.306640625,4994.407407407408
3,62200,STARFRUIT,4991,29,0.0,0.0,0.0,0.0,4998,29,0.0,0.0,0.0,0.0,4994.5,-454.0,4994.5
3,62300,STARFRUIT,4991,2,4990.0,20.0,0.0,0.0,4997,21,0.0,0.0,0.0,0.0,4994.0,-450.181640625,4993.46511627907
3,62400,STARFRUIT,4992,5,4991.0,20.0,0.0,0.0,4998,20,0.0,0.0,0.0,0.0,4995.0,-449.0751953125,4994.222222222223
3,62500,STARFRUIT,4992,1,4991.0,26.0,0.0,0.0,4998,27,0.0,0.0,0.0,0.0,4995.0,-505.9140625,4994.518518518518
3,62600,STARFRUIT,4991,30,0.0,0.0,0.0,0.0,4998,30,0.0,0.0,0.0,0.0,4994.5,-515.046875,4994.5
3,62700,STARFRUIT,4991,29,0.0,0.0,0.0,0.0,4994,6,4996.0,7.0,4997.0,2.0,4992.5,-517.65625,4992.477272727273
3,62800,STARFRUIT,4991,20,0.0,0.0,0.0,0.0,4998,20,0.0,0.0,0.0,0.0,4994.5,-520.8359375,4994.5
3,62900,STARFRUIT,4993,6,4991.0,2.0,4990.0,23.0,4997,25,0.0,0.0,0.0,0.0,4995.0,-526.234375,4993.482142857143
3,63000,STARFRUIT,4991,5,4990.0,28.0,0.0,0.0,4997,28,0.0,0.0,0.0,0.0,4994.0,-529.15625,4993.295081967213
3,63100,STARFRUIT,4990,29,0.0,0.0,0.0,0.0,4997,29,0.0,0.0,0.0,0.0,4993.5,-530.90625,4993.5
3,63200,STARFRUIT,4990,32,0.0,0.0,0.0,0.0,4995,2,4996.0,2.0,4997.0,30.0,4992.5,-541.6484375,4993.515151515152
3,63300,STARFRUIT,4991,4,4990.0,26.0,0.0,0.0,4997,26,0.0,0.0,0.0,0.0,4994.0,-533.1875,4993.321428571428
3,63400,STARFRUIT,4991,2,4990.0,22.0,0.0,0.0,4997,23,0.0,0.0,0.0,0.0,4994.0,-523.40625,4993.468085106383
3,63500,STARFRUIT,4991,5,4990.0,20.0,0.0,0.0,4993,2,4997.0,20.0,0.0,0.0,4992.0,-532.1015625,4993.212765957447
3,63600,STARFRUIT,4990,27,0.0,0.0,0.0,0.0,4997,28,0.0,0.0,0.0,0.0,4993.5,-561.0,4993.563636363637
3,63700,STARFRUIT,4990,29,0.0,0.0,0.0,0.0,4995,6,4997.0,29.0,0.0,0.0,4992.5,-561.0,4993.640625
3,63800,STARFRUIT,4993,5,4990.0,26.0,0.0,0.0,4997,26,0.0,0.0,0.0,0.0,4995.0,-561.0,4993.456140350877
3,63900,STARFRUIT,4991,1,4990.0,20.0,0.0,0.0,4993,4,4997.0,21.0,0.0,0.0,4992.0,-561.0,4993.478260869565
3,64000,STARFRUIT,4990,25,0.0,0.0,0.0,0.0,4997,25,0.0,0.0,0.0,0.0,4993.5,-561.0,4993.5
3,64100,STARFRUIT,4991,26,0.0,0.0,0.0,0.0,4998,26,0.0,0.0,0.0,0.0,4994.5,-561.0,4994.5
3,64200,STARFRUIT,4991,23,0.0,0.0,0.0,0.0,4998,23,0.0,0.0,0.0,0.0,4994.5,-561.0,4994.5
3,64300,STARFRUIT,4992,7,4991.0,23.0,0.0,0.0,4998,23,0.0,0.0,0.0,0.0,4995.0,-561.0,4994.169811320755
3,64400,STARFRUIT,4992,3,4991.0,23.0,0.0,0.0,4998,23,0.0,0.0,0.0,0.0,4995.0,-633.609375,4994.34693877551
3,64500,STARFRUIT,4991,21,0.0,0.0,0.0,0.0,4998,21,0.0,0.0,0.0,0.0,4994.5,-633.1484375,4994.5
3,64600,STARFRUIT,4991,31,0.0,0.0,0.0,0.0,4996,8,4997.0,2.0,4998.0,29.0,4993.5,-636.421875,4994.642857142857
3,64700,STARFRUIT,4990,29,0.0,0.0,0.0,0.0,4997,29,0.0,0.0,0.0,0.0,4993.5,-642.7890625,4993.5
3,64800,STARFRUIT,4990,26,0.0,0.0,0.0,0.0,4991,4,4995.0,7.0,4997.0,26.0,4990.5,-652.2265625,4993.507936507936
3,64900,STARFRUIT,4989,29,0.0,0.0,0.0,0.0,4994,1,4996.0,29.0,0.0,0.0,4991.5,-711.931640625,4992.525423728814
3,65000,STARFRUIT,4989,28,0.0,0.0,0.0,0.0,4994,1,4996.0,28.0,0.0,0.0,4991.5,-711.20703125,4992.526315789473
3,65100,STARFRUIT,4995,1,4990.0,7.0,4989.0,28.0,4996,28,0.0,0.0,0.0,0.0,4995.5,-711.349609375,4992.265625
3,65200,STARFRUIT,4990,2,4989.0,22.0,0.0,0.0,4996,22,0.0,0.0,0.0,0.0,4993.0,-710.267578125,4992.391304347826
3,65300,STARFRUIT,4991,1,4990.0,28.0,0.0,0.0,4997,28,0.0,0.0,0.0,0.0,4994.0,-712.455078125,4993.456140350877
3,65400,STARFRUIT,4990,29,0.0,0.0,0.0,0.0,4995,8,4996.0,1.0,4997.0,29.0,4992.5,-712.154296875,4993.7164179104475
3,65500,STARFRUIT,4989,28,0.0,0.0,0.0,0.0,4996,28,0.0,0.0,0.0,0.0,4992.5,-700.421875,4992.5
3,65600,STARFRUIT,4989,7,4988.0,25.0,0.0,0.0,4995,27,0.0,0.0,0.0,0.0,4992.0,-696.3125,4991.322033898305
3,65700,STARFRUIT,4994,1,4990.0,4.0,4989.0,23.0,4996,23,0.0,0.0,0.0,0.0,4995.0,-699.578125,4992.333333333333
3,65800,STARFRUIT,4994,4,4989.0,24.0,0.0,0.0,4996,24,0.0,0.0,0.0,0.0,4995.0,-701.09375,4992.615384615385
3,65900,STARFRUIT,4989,21,0.0,0.0,0.0,0.0,4996,21,0.0,0.0,0.0,0.0,4992.5,-738.1591796875,4992.5
3,66000,STARFRUIT,4989,1,4988.0,27.0,0.0,0.0,4995,28,0.0,0.0,0.0,0.0,4992.0,-739.3681640625,4991.517857142857
3,66100,STARFRUIT,4988,27,0.0,0.0,0.0,0.0,4995,27,0.0,0.0,0.0,0.0,4991.5,-735.0,4991.5
3,66200,STARFRUIT,4988,30,0.0,0.0,0.0,0.0,4995,30,0.0,0.0,0.0,0.0,4991.5,-735.0,4991.5
3,66300,STARFRUIT,4988,2,4987.0,30.0,0.0,0.0,4994,32,0.0,0.0,0.0,0.0,4991.0,-735.0,4990.53125
3,66400,STARFRUIT,4988,29,0.0,0.0,0.0,0.0,4991,6,4995.0,29.0,0.0,0.0,4989.5,-735.0,4991.453125
3,66500,STARFRUIT,4988,31,0.0,0.0,0.0,0.0,4994,2,4995.0,29.0,0.0,0.0,4991.0,-735.0,4991.467741935484
3,66600,STARFRUIT,4988,2,4987.0,25.0,0.0,0.0,4994,27,0.0,0.0,0.0,0.0,4991.0,-735.0,4990.537037037037
3,66700,STARFRUIT,4988,1,4987.0,29.0,0.0,0.0,4992,4,4994.0,31.0,0.0,0.0,4990.0,-735.0,4990.661538461539
3,66800,STARFRUIT,4988,24,0.0,0.0,0.0,0.0,4994,1,4995.0,23.0,0.0,0.0,4991.0,-735.0,4991.479166666667
3,66900,STARFRUIT,4988,29,0.0,0.0,0.0,0.0,4995,29,0.0,0.0,0.0,0.0,4991.5,-735.0,4991.5
3,67000,STARFRUIT,4988,21,0.0,0.0,0.0,0.0,4994,1,4995.0,20.0,0.0,0.0,4991.0,-735.0,4991.476190476191
3,67100,STARFRUIT,4989,2,4988.0,27.0,0.0,0.0,4995,29,0.0,0.0,0.0,0.0,4992.0,-735.0,4991.5344827586205
3,67200,STARFRUIT,4989,21,0.0,0.0,0.0,0.0,4995,1,4996.0,20.0,0.0,0.0,4992.0,-735.0,4992.476190476191
3,67300,STARFRUIT,4989,27,0.0,0.0,0.0,0.0,4996,27,0.0,0.0,0.0,0.0,4992.5,-718.90234375,4992.5
3,67400,STARFRUIT,4989,28,0.0,0.0,0.0,0.0,4995,2,4996.0,26.0,0.0,0.0,4992.0,-717.57421875,4992.464285714285
3,67500,STARFRUIT,4990,7,4989.0,30.0,0.0,0.0,4996,30,0.0,0.0,0.0,0.0,4993.0,-719.912109375,4992.238805970149
3,67600,STARFRUIT,4990,26,0.0,0.0,0.0,0.0,4997,26,0.0,0.0,0.0,0.0,4993.5,-723.333984375,4993.5
3,67700,STARFRUIT,4991,1,4990.0,29.0,0.0,0.0,4997,29,0.0,0.0,0.0,0.0,4994.0,-724.89453125,4993.457627118644
3,67800,STARFRUIT,4990,27,0.0,0.0,0.0,0.0,4992,2,4997.0,27.0,0.0,0.0,4991.0,-726.7578125,4993.446428571428
3,67900,STARFRUIT,4991,20,0.0,0.0,0.0,0.0,4997,1,4998.0,20.0,0.0,0.0,4994.0,-725.37109375,4994.5609756097565
3,68000,STARFRUIT,4992,3,4991.0,21.0,0.0,0.0,4998,21,0.0,0.0,0.0,0.0,4995.0,-727.087890625,4994.333333333333
3,68100,STARFRUIT,4991,21,0.0,0.0,0.0,0.0,4998,22,0.0,0.0,0.0,0.0,4994.5,-723.708984375,4994.581395348837
3,68200,STARFRUIT,4990,30,0.0,0.0,0.0,0.0,4997,30,0.0,0.0,0.0,0.0,4993.5,-798.8515625,4993.5
3,68300,STARFRUIT,4991,9,4990.0,28.0,0.0,0.0,4997,30,0.0,0.0,0.0,0.0,4994.0,-795.921875,4993.268656716418
3,68400,STARFRUIT,4991,1,4990.0,20.0,0.0,0.0,4997,21,0.0,0.0,0.0,0.0,4994.0,-797.53125,4993.523809523809
3,68500,STARFRUIT,4991,4,4990.0,26.0,0.0,0.0,4993,6,4997.0,27.0,0.0,0.0,4992.0,-795.2421875,4993.349206349207
3,68600,STARFRUIT,4991,25,0.0,0.0,0.0,0.0,4997,1,4998.0,24.0,0.0,0.0,4994.0,-827.0,4994.48
3,68700,STARFRUIT,4991,27,0.0,0.0,0.0,0.0,4996,7,4998.0,27.0,0.0,0.0,4993.5,-827.0,4994.672131147541
3,68800,STARFRUIT,4991,23,0.0,0.0,0.0,0.0,4996,3,4998.0,23.0,0.0,0.0,4993.5,-827.0,4994.591836734694
3,68900,STARFRUIT,4991,27,0.0,0.0,0.0,0.0,4998,27,0.0,0.0,0.0,0.0,4994.5,-827.0,4994.5
3,69000,STARFRUIT,4992,5,4991.0,28.0,0.0,0.0,4998,28,0.0,0.0,0.0,0.0,4995.0,-827.0,4994.295081967213
3,69100,STARFRUIT,4991,27,0.0,0.0,0.0,0.0,4998,27,0.0,0.0,0.0,0.0,4994.5,-827.0,4994.5
3,69200,STARFRUIT,4991,22,0.0,0.0,0.0,0.0,4996,6,4997.0,1.0,4998.0,21.0,4993.5,-827.0,4994.66
3,69300,STARFRUIT,4991,22,0.0,0.0,0.0,0.0,4998,22,0.0,0.0,0.0,0.0,4994.5,-827.0,4994.5
3,69400,STARFRUIT,4991,27,0.0,0.0,0.0,0.0,4994,6,4998.0,27.0,0.0,0.0,4992.5,-827.0,4994.45
3,69500,STARFRUIT,4991,29,0.0,0.0,0.0,0.0,4998,29,0.0,0.0,0.0,0.0,4994.5,-827.0,4994.5
3,69600,STARFRUIT,4992,6,4991.0,27.0,0.0,0.0,4998,27,0.0,0.0,0.0,0.0,4995.0,-827.0,4994.25
3,69700,STARFRUIT,4991,26,0.0,0.0,0.0,0.0,4998,26,0.0,0.0,0.0,0.0,4994.5,-827.0,4994.5
3,69800,STARFRUIT,4990,24,0.0,0.0,0.0,0.0,4997,24,0.0,0.0,0.0,0.0,4993.5,-827.0,4993.5
3,69900,STARFRUIT,4991,30,0.0,0.0,0.0,0.0,4996,8,4998.0,30.0,0.0,0.0,4993.5,-827.0,4994.676470588235
3,70000,STARFRUIT,4992,3,4991.0,29.0,0.0,0.0,4998,29,0.0,0.0,0.0,0.0,4995.0,-827.0,4994.377049180328
3,70100,STARFRUIT,4997,1,4992.0,5.0,4991.0,30.0,4998,30,0.0,0.0,0.0,0.0,4997.5,-827.0,4994.348484848485
3,70200,STARFRUIT,4992,24,0.0,0.0,0.0,0.0,4999,24,0.0,0.0,0.0,0.0,4995.5,-825.90283203125,4995.5
3,70300,STARFRUIT,4994,8,4993.0,30.0,0.0,0.0,4999,1,5000.0,29.0,0.0,0.0,4996.5,-826.220703125,4996.191176470588
3,70400,STARFRUIT,4993,21,0.0,0.0,0.0,0.0,5000,21,0.0,0.0,0.0,0.0,4996.5,-826.7060546875,4996.5
3,70500,STARFRUIT,4994,7,4993.0,28.0,0.0,0.0,5000,28,0.0,0.0,0.0,0.0,4997.0,-826.59130859375,4996.222222222223
3,70600,STARFRUIT,4994,4,4993.0,21.0,0.0,0.0,5000,21,0.0,0.0,0.0,0.0,4997.0,-825.0,4996.282608695652
3,70700,STARFRUIT,4994,22,0.0,0.0,0.0,0.0,5000,1,5001.0,21.0,0.0,0.0,4997.0,-825.0,4997.477272727273
3,70800,STARFRUIT,4994,21,0.0,0.0,0.0,0.0,5001,21,0.0,0.0,0.0,0.0,4997.5,-825.0,4997.5
3,70900,STARFRUIT,4994,23,0.0,0.0,0.0,0.0,5001,23,0.0,0.0,0.0,0.0,4997.5,-822.4130859375,4997.5
3,71000,STARFRUIT,4994,30,0.0,0.0,0.0,0.0,4999,5,5001.0,30.0,0.0,0.0,4996.5,-822.27099609375,4997.615384615385
3,71100,STARFRUIT,4993,23,0.0,0.0,0.0,0.0,5000,23,0.0,0.0,0.0,0.0,4996.5,-821.63671875,4996.5
3,71200,STARFRUIT,4993,28,0.0,0.0,0.0,0.0,4994,1,5000.0,28.0,0.0,0.0,4993.5,-821.7451171875,4996.456140350877
3,71300,STARFRUIT,4994,30,0.0,0.0,0.0,0.0,5000,1,5001.0,29.0,0.0,0.0,4997.0,-819.0,4997.483333333334
3,71400,STARFRUIT,4996,5,4994.0,1.0,4993.0,20.0,5000,21,0.0,0.0,0.0,0.0,4998.0,-819.0,4996.468085106383
3,71500,STARFRUIT,4994,22,0.0,0.0,0.0,0.0,5001,22,0.0,0.0,0.0,0.0,4997.5,-819.0,4997.5
3,71600,STARFRUIT,4993,29,0.0,0.0,0.0,0.0,5000,29,0.0,0.0,0.0,0.0,4996.5,-819.0,4996.5
3,71700,STARFRUIT,4993,30,0.0,0.0,0.0,0.0,5000,30,0.0,0.0,0.0,0.0,4996.5,-819.0,4996.5
3,71800,STARFRUIT,4993,26,0.0,0.0,0.0,0.0,5000,26,0.0,0.0,0.0,0.0,4996.5,-819.0,4996.5
3,71900,STARFRUIT,4993,21,0.0,0.0,0.0,0.0,5000,21,0.0,0.0,0.0,0.0,4996.5,-819.0,4996.5
3,72000,STARFRUIT,4993,25,0.0,0.0,0.0,0.0,5000,25,0.0,0.0,0.0,0.0,4996.5,-819.0,4996.5
3,72100,STARFRUIT,4993,26,0.0,0.0,0.0,0.0,5000,26,0.0,0.0,0.0,0.0,4996.5,-819.0,4996.5
3,72200,STARFRUIT,4993,25,0.0,0.0,0.0,0.0,4999,1,5000.0,24.0,0.0,0.0,4996.0,-819.0,4996.48
3,72300,STARFRUIT,4992,27,0.0,0.0,0.0,0.0,4997,2,4999.0,27.0,0.0,0.0,4994.5,-819.0,4995.553571428572
3,72400,STARFRUIT,4997,2,4992.0,27.0,0.0,0.0,4999,27,0.0,0.0,0.0,0.0,4998.0,-819.0,4995.553571428572
3,72500,STARFRUIT,4991,32,0.0,0.0,0.0,0.0,4998,32,0.0,0.0,0.0,0.0,4994.5,-814.4658203125,4994.5
3,72600,STARFRUIT,4991,27,0.0,0.0,0.0,0.0,4998,27,0.0,0.0,0.0,0.0,4994.5,-813.55859375,4994.5
3,72700,STARFRUIT,4991,26,0.0,0.0,0.0,0.0,4998,26,0.0,0.0,0.0,0.0,4994.5,-811.49658203125,4994.5
3,72800,STARFRUIT,4991,24,0.0,0.0,0.0,0.0,4996,2,4998.0,24.0,0.0,0.0,4993.5,-809.5341796875,4994.56
3,72900,STARFRUIT,4992,2,4991.0,28.0,0.0,0.0,4998,30,0.0,0.0,0.0,0.0,4995.0,-809.5947265625,4994.533333333334
3,73000,STARFRUIT,4992,31,0.0,0.0,0.0,0.0,4998,1,4999.0,30.0,0.0,0.0,4995.0,-810.39453125,4995.4838709677415
3,73100,STARFRUIT,4991,24,0.0,0.0,0.0,0.0,4998,24,0.0,0.0,0.0,0.0,4994.5,-809.19921875,4994.5
3,73200,STARFRUIT,4991,31,0.0,0.0,0.0,0.0,4998,31,0.0,0.0,0.0,0.0,4994.5,-808.681640625,4994.5
3,73300,STARFRUIT,4992,2,4991.0,25.0,0.0,0.0,4998,25,0.0,0.0,0.0,0.0,4995.0,-808.3662109375,4994.403846153846
3,73400,STARFRUIT,4996,1,4991.0,2.0,4990.0,29.0,4997,29,0.0,0.0,0.0,0.0,4996.5,-807.3623046875,4993.459016393443
3,73500,STARFRUIT,4990,22,0.0,0.0,0.0,0.0,4997,22,0.0,0.0,0.0,0.0,4993.5,-873.3515625,4993.5
3,73600,STARFRUIT,4990,23,0.0,0.0,0.0,0.0,4996,1,4997.0,22.0,0.0,0.0,4993.0,-877.0625,4993.478260869565
3,73700,STARFRUIT,4989,22,0.0,0.0,0.0,0.0,4996,22,0.0,0.0,0.0,0.0,4992.5,-885.2578125,4992.5
3,73800,STARFRUIT,4990,7,4989.0,25.0,0.0,0.0,4996,25,0.0,0.0,0.0,0.0,4993.0,-884.5703125,4992.19298245614
3,73900,STARFRUIT,4989,22,0.0,0.0,0.0,0.0,4996,22,0.0,0.0,0.0,0.0,4992.5,-889.8046875,4992.5
3,74000,STARFRUIT,4990,6,4989.0,24.0,0.0,0.0,4996,25,0.0,0.0,0.0,0.0,4993.0,-881.453125,4992.290909090909
3,74100,STARFRUIT,4989,21,0.0,0.0,0.0,0.0,4990,1,4992.0,2.0,4994.0,3.0,4989.5,-882.4765625,4989.814814814815
3,74200,STARFRUIT,4989,27,0.0,0.0,0.0,0.0,4994,1,4996.0,27.0,0.0,0.0,4991.5,-884.0,4992.527272727273
3,74300,STARFRUIT,4990,1,4989.0,24.0,0.0,0.0,4996,25,0.0,0.0,0.0,0.0,4993.0,-880.390625,4992.52
3,74400,STARFRUIT,4990,25,0.0,0.0,0.0,0.0,4995,6,4996.0,2.0,4997.0,23.0,4992.5,-873.9453125,4993.625
3,74500,STARFRUIT,4990,22,0.0,0.0,0.0,0.0,4997,22,0.0,0.0,0.0,0.0,4993.5,-872.6875,4993.5
3,74600,STARFRUIT,4990,2,4989.0,24.0,0.0,0.0,4996,26,0.0,0.0,0.0,0.0,4993.0,-878.109375,4992.538461538462
3,74700,STARFRUIT,4990,2,4989.0,25.0,0.0,0.0,4996,27,0.0,0.0,0.0,0.0,4993.0,-880.8984375,4992.537037037037
3,74800,STARFRUIT,4989,28,0.0,0.0,0.0,0.0,4996,28,0.0,0.0,0.0,0.0,4992.5,-880.0625,4992.5
3,74900,STARFRUIT,4990,22,0.0,0.0,0.0,0.0,4995,6,4996.0,2.0,4997.0,20.0,4992.5,-877.2109375,4993.64
3,75000,STARFRUIT,4990,23,0.0,0.0,0.0,0.0,4995,4,4997.0,23.0,0.0,0.0,4992.5,-870.3515625,4993.62
3,75100,STARFRUIT,4990,32,0.0,0.0,0.0,0.0,4996,2,4997.0,30.0,0.0,0.0,4993.0,-874.6015625,4993.46875
3,75200,STARFRUIT,4990,26,0.0,0.0,0.0,0.0,4997,27,0.0,0.0,0.0,0.0,4993.5,-876.890625,4993.566037735849
3,75300,STARFRUIT,4990,10,4989.0,27.0,0.0,0.0,4996,29,0.0,0.0,0.0,0.0,4993.0,-878.7890625,4992.227272727273
3,75400,STARFRUIT,4989,25,0.0,0.0,0.0,0.0,4996,26,0.0,0.0,0.0,0.0,4992.5,-889.7421875,4992.568627450981
3,75500,STARFRUIT,4989,1,4988.0,21.0,0.0,0.0,4995,23,0.0,0.0,0.0,0.0,4992.0,-897.2734375,4991.6
3,75600,STARFRUIT,4989,27,0.0,0.0,0.0,0.0,4994,8,4996.0,27.0,0.0,0.0,4991.5,-891.6796875,4992.693548387097
3,75700,STARFRUIT,4989,27,0.0,0.0,0.0,0.0,4996,27,0.0,0.0,0.0,0.0,4992.5,-890.3203125,4992.5
3,75800,STARFRUIT,4989,26,0.0,0.0,0.0,0.0,4996,26,0.0,0.0,0.0,0.0,4992.5,-889.3359375,4992.5
3,75900,STARFRUIT,4989,26,0.0,0.0,0.0,0.0,4994,3,4996.0,26.0,0.0,0.0,4991.5,-893.8515625,4992.581818181819
3,76000,STARFRUIT,4989,29,0.0,0.0,0.0,0.0,4990,7,4996.0,29.0,0.0,0.0,4989.5,-889.6875,4992.2307692307695
3,76100,STARFRUIT,4989,28,0.0,0.0,0.0,0.0,4994,5,4996.0,28.0,0.0,0.0,4991.5,-942.0,4992.622950819672
3,76200,STARFRUIT,4989,5,4988.0,25.0,0.0,0.0,4995,25,0.0,0.0,0.0,0.0,4992.0,-942.0,4991.272727272727
3,76300,STARFRUIT,4992,5,4990.0,7.0,4989.0,28.0,4995,1,4996.0,27.0,0.0,0.0,4993.5,-942.0,4992.191176470588
3,76400,STARFRUIT,4993,8,4988.0,23.0,0.0,0.0,4995,23,0.0,0.0,0.0,0.0,4994.0,-939.97265625,4991.722222222223
3,76500,STARFRUIT,4989,28,0.0,0.0,0.0,0.0,4996,29,0.0,0.0,0.0,0.0,4992.5,-940.234375,4992.561403508772
3,76600,STARFRUIT,4992,4,4989.0,22.0,0.0,0.0,4996,22,0.0,0.0,0.0,0.0,4994.0,-937.3203125,4992.458333333333
3,76700,STARFRUIT,4989,24,0.0,0.0,0.0,0.0,4995,2,4996.0,22.0,0.0,0.0,4992.0,-940.203125,4992.458333333333
3,76800,STARFRUIT,4988,26,0.0,0.0,0.0,0.0,4995,26,0.0,0.0,0.0,0.0,4991.5,-930.671875,4991.5
3,76900,STARFRUIT,4989,2,4988.0,24.0,0.0,0.0,4995,26,0.0,0.0,0.0,0.0,4992.0,-934.96875,4991.538461538462
3,77000,STARFRUIT,4989,4,4988.0,24.0,0.0,0.0,4995,24,0.0,0.0,0.0,0.0,4992.0,-931.4609375,4991.307692307692
3,77100,STARFRUIT,4990,2,4989.0,22.0,0.0,0.0,4996,24,0.0,0.0,0.0,0.0,4993.0,-952.265625,4992.541666666667
3,77200,STARFRUIT,4989,27,0.0,0.0,0.0,0.0,4995,1,4996.0,26.0,0.0,0.0,4992.0,-938.4375,4992.481481481482
3,77300,STARFRUIT,4989,1,4988.0,21.0,0.0,0.0,4995,23,0.0,0.0,0.0,0.0,4992.0,-936.703125,4991.6
3,77400,STARFRUIT,4989,32,0.0,0.0,0.0,0.0,4995,2,4996.0,30.0,0.0,0.0,4992.0,-937.890625,4992.46875
3,77500,STARFRUIT,4993,5,4989.0,28.0,0.0,0.0,4996,28,0.0,0.0,0.0,0.0,4994.5,-944.1796875,4992.540983606557
3,77600,STARFRUIT,4989,20,0.0,0.0,0.0,0.0,4996,20,0.0,0.0,0.0,0.0,4992.5,-949.5390625,4992.5
3,77700,STARFRUIT,4990,1,4989.0,27.0,0.0,0.0,4996,28,0.0,0.0,0.0,0.0,4993.0,-955.3125,4992.517857142857
3,77800,STARFRUIT,4990,31,0.0,0.0,0.0,0.0,4997,31,0.0,0.0,0.0,0.0,4993.5,-964.640625,4993.5
3,77900,STARFRUIT,4989,22,0.0,0.0,0.0,0.0,4996,22,0.0,0.0,0.0,0.0,4992.5,-943.578125,4992.5
3,78000,STARFRUIT,4989,27,0.0,0.0,0.0,0.0,4994,3,4995.0,1.0,4996.0,26.0,4991.5,-937.0078125,4992.561403508772
3,78100,STARFRUIT,4989,21,0.0,0.0,0.0,0.0,4995,21,0.0,0.0,0.0,0.0,4992.0,-935.9453125,4992.0
3,78200,STARFRUIT,4989,27,0.0,0.0,0.0,0.0,4994,4,4996.0,27.0,0.0,0.0,4991.5,-936.625,4992.603448275862
3,78300,STARFRUIT,4990,8,4989.0,29.0,0.0,0.0,4996,31,0.0,0.0,0.0,0.0,4993.0,-951.6171875,4992.308823529412
3,78400,STARFRUIT,4989,27,0.0,0.0,0.0,0.0,4996,27,0.0,0.0,0.0,0.0,4992.5,-948.5078125,4992.5
3,78500,STARFRUIT,4989,29,0.0,0.0,0.0,0.0,4996,29,0.0,0.0,0.0,0.0,4992.5,-942.09375,4992.5
3,78600,STARFRUIT,4989,24,0.0,0.0,0.0,0.0,4996,24,0.0,0.0,0.0,0.0,4992.5,-948.78125,4992.5
3,78700,STARFRUIT,4990,1,4989.0,22.0,0.0,0.0,4992,6,4996.0,24.0,0.0,0.0,4991.0,-952.21875,4992.528301886792
3,78800,STARFRUIT,4989,31,0.0,0.0,0.0,0.0,4994,2,4996.0,31.0,0.0,0.0,4991.5,-949.21875,4992.546875
3,78900,STARFRUIT,4989,24,0.0,0.0,0.0,0.0,4996,24,0.0,0.0,0.0,0.0,4992.5,-944.8359375,4992.5
3,79000,STARFRUIT,4990,24,0.0,0.0,0.0,0.0,4996,1,4997.0,23.0,0.0,0.0,4993.0,-954.0859375,4993.479166666667
3,79100,STARFRUIT,4990,32,0.0,0.0,0.0,0.0,4991,1,4997.0,32.0,0.0,0.0,4990.5,-963.734375,4993.461538461538
3,79200,STARFRUIT,4990,30,0.0,0.0,0.0,0.0,4991,1,4997.0,30.0,0.0,0.0,4990.5,-960.890625,4993.459016393443
3,79300,STARFRUIT,4995,10,4990.0,27.0,0.0,0.0,4996,1,4997.0,26.0,0.0,0.0,4995.5,-947.0546875,4993.71875
3,79400,STARFRUIT,4994,5,4990.0,3.0,4989.0,28.0,4996,29,0.0,0.0,0.0,0.0,4995.0,-932.2734375,4992.553846153846
3,79500,STARFRUIT,4990,26,0.0,0.0,0.0,0.0,4996,1,4997.0,25.0,0.0,0.0,4993.0,-974.0,4993.4807692307695
3,79600,STARFRUIT,4990,26,0.0,0.0,0.0,0.0,4996,1,4997.0,25.0,0.0,0.0,4993.0,-974.0,4993.4807692307695
3,79700,STARFRUIT,4990,26,0.0,0.0,0.0,0.0,4996,2,4997.0,24.0,0.0,0.0,4993.0,-974.0,4993.461538461538
3,79800,STARFRUIT,4993,5,4990.0,29.0,0.0,0.0,4997,29,0.0,0.0,0.0,0.0,4995.0,-974.0,4993.460317460317
3,79900,STARFRUIT,4989,23,0.0,0.0,0.0,0.0,4996,23,0.0,0.0,0.0,0.0,4992.5,-974.0,4992.5
3,80000,STARFRUIT,4989,28,0.0,0.0,0.0,0.0,4996,28,0.0,0.0,0.0,0.0,4992.5,-974.0,4992.5
3,80100,STARFRUIT,4990,25,0.0,0.0,0.0,0.0,4991,8,4995.0,4.0,4997.0,25.0,4990.5,-974.0,4993.274193548387
3,80200,STARFRUIT,4990,30,0.0,0.0,0.0,0.0,4997,30,0.0,0.0,0.0,0.0,4993.5,-974.0,4993.5
3,80300,STARFRUIT,4990,23,0.0,0.0,0.0,0.0,4997,23,0.0,0.0,0.0,0.0,4993.5,-974.0,4993.5
3,80400,STARFRUIT,4990,27,0.0,0.0,0.0,0.0,4997,27,0.0,0.0,0.0,0.0,4993.5,-1045.8046875,4993.5
3,80500,STARFRUIT,4991,28,0.0,0.0,0.0,0.0,4997,1,4998.0,27.0,0.0,0.0,4994.0,-1029.2265625,4994.482142857143
3,80600,STARFRUIT,4990,28,0.0,0.0,0.0,0.0,4995,4,4997.0,28.0,0.0,0.0,4992.5,-1037.046875,4993.6
3,80700,STARFRUIT,4989,29,0.0,0.0,0.0,0.0,4996,29,0.0,0.0,0.0,0.0,4992.5,-1054.734375,4992.5
3,80800,STARFRUIT,4990,1,4989.0,23.0,0.0,0.0,4994,3,4996.0,25.0,0.0,0.0,4992.0,-1057.671875,4992.673076923077
3,80900,STARFRUIT,4989,25,0.0,0.0,0.0,0.0,4996,25,0.0,0.0,0.0,0.0,4992.5,-1066.671875,4992.5
3,81000,STARFRUIT,4988,29,0.0,0.0,0.0,0.0,4993,1,4995.0,29.0,0.0,0.0,4990.5,-1079.921875,4991.525423728814
3,81100,STARFRUIT,4988,25,0.0,0.0,0.0,0.0,4995,25,0.0,0.0,0.0,0.0,4991.5,-1080.171875,4991.5
3,81200,STARFRUIT,4988,28,0.0,0.0,0.0,0.0,4995,28,0.0,0.0,0.0,0.0,4991.5,-1087.0,4991.5
3,81300,STARFRUIT,4993,3,4988.0,21.0,0.0,0.0,4995,21,0.0,0.0,0.0,0.0,4994.0,-1079.8125,4991.6
3,81400,STARFRUIT,4989,4,4988.0,20.0,0.0,0.0,4995,22,0.0,0.0,0.0,0.0,4992.0,-1077.3125,4991.434782608696
3,81500,STARFRUIT,4988,1,4987.0,26.0,0.0,0.0,4994,27,0.0,0.0,0.0,0.0,4991.0,-1098.25,4990.518518518518
3,81600,STARFRUIT,4988,1,4987.0,29.0,0.0,0.0,4994,30,0.0,0.0,0.0,0.0,4991.0,-1097.984375,4990.516666666666
3,81700,STARFRUIT,4987,29,0.0,0.0,0.0,0.0,4989,5,4994.0,29.0,0.0,0.0,4988.0,-1095.6015625,4990.380952380952
3,81800,STARFRUIT,4988,20,0.0,0.0,0.0,0.0,4995,20,0.0,0.0,0.0,0.0,4991.5,-1154.0,4991.5
3,81900,STARFRUIT,4988,23,0.0,0.0,0.0,0.0,4993,7,4995.0,23.0,0.0,0.0,4990.5,-1154.0,4991.698113207547
3,82000,STARFRUIT,4988,23,0.0,0.0,0.0,0.0,4995,23,0.0,0.0,0.0,0.0,4991.5,-1154.0,4991.5
3,82100,STARFRUIT,4988,26,0.0,0.0,0.0,0.0,4994,1,4995.0,25.0,0.0,0.0,4991.0,-1154.0,4991.4807692307695
3,82200,STARFRUIT,4989,2,4988.0,27.0,0.0,0.0,4995,29,0.0,0.0,0.0,0.0,4992.0,-1154.0,4991.5344827586205
3,82300,STARFRUIT,4988,27,0.0,0.0,0.0,0.0,4993,2,4995.0,27.0,0.0,0.0,4990.5,-1154.0,4991.553571428572
3,82400,STARFRUIT,4988,23,0.0,0.0,0.0,0.0,4995,23,0.0,0.0,0.0,0.0,4991.5,-1154.0,4991.5
3,82500,STARFRUIT,4988,32,0.0,0.0,0.0,0.0,4995,32,0.0,0.0,0.0,0.0,4991.5,-1154.0,4991.5
3,82600,STARFRUIT,4988,23,0.0,0.0,0.0,0.0,4995,23,0.0,0.0,0.0,0.0,4991.5,-1154.0,4991.5
3,82700,STARFRUIT,4988,24,0.0,0.0,0.0,0.0,4995,24,0.0,0.0,0.0,0.0,4991.5,-1125.3828125,4991.5
3,82800,STARFRUIT,4988,5,4987.0,25.0,0.0,0.0,4994,25,0.0,0.0,0.0,0.0,4991.0,-1114.58984375,4990.272727272727
3,82900,STARFRUIT,4988,6,4987.0,25.0,0.0,0.0,4989,5,4994.0,25.0,0.0,0.0,4988.5,-1112.45703125,4990.131147540984
3,83000,STARFRUIT,4987,21,0.0,0.0,0.0,0.0,4994,21,0.0,0.0,0.0,0.0,4990.5,-1101.669921875,4990.5
3,83100,STARFRUIT,4992,1,4987.0,23.0,0.0,0.0,4993,2,4994.0,21.0,0.0,0.0,4992.5,-1100.828125,4990.489361702128
3,83200,STARFRUIT,4988,26,0.0,0.0,0.0,0.0,4994,1,4995.0,25.0,0.0,0.0,4991.0,-1105.2890625,4991.4807692307695
3,83300,STARFRUIT,4989,26,0.0,0.0,0.0,0.0,4995,1,4996.0,25.0,0.0,0.0,4992.0,-1112.58203125,4992.4807692307695
3,83400,STARFRUIT,4989,31,0.0,0.0,0.0,0.0,4995,2,4996.0,29.0,0.0,0.0,4992.0,-1113.1640625,4992.467741935484
3,83500,STARFRUIT,4989,22,0.0,0.0,0.0,0.0,4994,2,4996.0,23.0,0.0,0.0,4991.5,-1113.4453125,4992.63829787234
3,83600,STARFRUIT,4989,6,4988.0,21.0,0.0,0.0,4995,23,0.0,0.0,0.0,0.0,4992.0,-1111.76953125,4991.34
3,83700,STARFRUIT,4988,29,0.0,0.0,0.0,0.0,4995,29,0.0,0.0,0.0,0.0,4991.5,-1109.65234375,4991.5
3,83800,STARFRUIT,4990,8,4989.0,24.0,0.0,0.0,4996,24,0.0,0.0,0.0,0.0,4993.0,-1114.54296875,4992.142857142857
3,83900,STARFRUIT,4989,26,0.0,0.0,0.0,0.0,4995,2,4996.0,24.0,0.0,0.0,4992.0,-1112.44921875,4992.461538461538
3,84000,STARFRUIT,4989,31,0.0,0.0,0.0,0.0,4996,31,0.0,0.0,0.0,0.0,4992.5,-1113.7890625,4992.5
3,84100,STARFRUIT,4994,1,4989.0,5.0,4988.0,21.0,4995,21,0.0,0.0,0.0,0.0,4994.5,-1088.3359375,4991.291666666667
3,84200,STARFRUIT,4989,3,4988.0,30.0,0.0,0.0,4995,30,0.0,0.0,0.0,0.0,4992.0,-1111.0,4991.380952380952
3,84300,STARFRUIT,4988,26,0.0,0.0,0.0,0.0,4994,2,4995.0,24.0,0.0,0.0,4991.0,-1110.294921875,4991.461538461538
3,84400,STARFRUIT,4988,24,0.0,0.0,0.0,0.0,4994,2,4995.0,22.0,0.0,0.0,4991.0,-1110.306640625,4991.458333333333
3,84500,STARFRUIT,4989,30,0.0,0.0,0.0,0.0,4995,2,4996.0,28.0,0.0,0.0,4992.0,-1115.36328125,4992.466666666666
3,84600,STARFRUIT,4988,23,0.0,0.0,0.0,0.0,4995,23,0.0,0.0,0.0,0.0,4991.5,-1110.845703125,4991.5
3,84700,STARFRUIT,4988,1,4987.0,27.0,0.0,0.0,4992,1,4994.0,28.0,0.0,0.0,4990.0,-1102.58984375,4990.543859649123
3,84800,STARFRUIT,4988,1,4987.0,20.0,0.0,0.0,4994,21,0.0,0.0,0.0,0.0,4991.0,-1102.6328125,4990.523809523809
3,84900,STARFRUIT,4993,1,4988.0,23.0,0.0,0.0,4995,23,0.0,0.0,0.0,0.0,4994.0,-1106.296875,4991.531914893617
3,85000,STARFRUIT,4988,30,0.0,0.0,0.0,0.0,4995,30,0.0,0.0,0.0,0.0,4991.5,-1148.8359375,4991.5
3,85100,STARFRUIT,4989,4,4988.0,30.0,0.0,0.0,4995,30,0.0,0.0,0.0,0.0,4992.0,-1149.189453125,4991.34375
3,85200,STARFRUIT,4993,7,4988.0,21.0,0.0,0.0,4994,1,4995.0,20.0,0.0,0.0,4993.5,-1150.017578125,4991.693877551021
3,85300,STARFRUIT,4993,1,4987.0,25.0,0.0,0.0,4994,25,0.0,0.0,0.0,0.0,4993.5,-1136.060546875,4990.549019607844
3,85400,STARFRUIT,4988,6,4987.0,22.0,0.0,0.0,4994,22,0.0,0.0,0.0,0.0,4991.0,-1132.283203125,4990.2
3,85500,STARFRUIT,4991,4,4986.0,20.0,0.0,0.0,4993,20,0.0,0.0,0.0,0.0,4992.0,-1130.724609375,4989.636363636364
3,85600,STARFRUIT,4987,29,0.0,0.0,0.0,0.0,4994,29,0.0,0.0,0.0,0.0,4990.5,-1131.125,4990.5
3,85700,STARFRUIT,4988,1,4987.0,25.0,0.0,0.0,4994,26,0.0,0.0,0.0,0.0,4991.0,-1133.33984375,4990.5192307692305
3,85800,STARFRUIT,4987,20,0.0,0.0,0.0,0.0,4994,20,0.0,0.0,0.0,0.0,4990.5,-1132.3046875,4990.5
3,85900,STARFRUIT,4987,23,0.0,0.0,0.0,0.0,4994,23,0.0,0.0,0.0,0.0,4990.5,-1129.0859375,4990.5
3,86000,STARFRUIT,4987,28,0.0,0.0,0.0,0.0,4994,28,0.0,0.0,0.0,0.0,4990.5,-1130.5234375,4990.5
3,86100,STARFRUIT,4987,6,4986.0,21.0,0.0,0.0,4993,21,0.0,0.0,0.0,0.0,4990.0,-1125.83203125,4989.1875
3,86200,STARFRUIT,4989,4,4987.0,2.0,4986.0,30.0,4993,32,0.0,0.0,0.0,0.0,4991.0,-1126.4375,4989.5
3,86300,STARFRUIT,4986,27,0.0,0.0,0.0,0.0,4991,1,4993.0,27.0,0.0,0.0,4988.5,-1124.1875,4989.527272727273
3,86400,STARFRUIT,4987,2,4986.0,27.0,0.0,0.0,4993,29,0.0,0.0,0.0,0.0,4990.0,-1125.90234375,4989.5344827586205
3,86500,STARFRUIT,4986,25,0.0,0.0,0.0,0.0,4987,2,4993.0,25.0,0.0,0.0,4986.5,-1119.3515625,4989.403846153846
3,86600,STARFRUIT,4986,29,0.0,0.0,0.0,0.0,4991,3,4993.0,29.0,0.0,0.0,4988.5,-1115.404296875,4989.573770491803
3,86700,STARFRUIT,4986,20,0.0,0.0,0.0,0.0,4993,21,0.0,0.0,0.0,0.0,4989.5,-1120.689453125,4989.585365853659
3,86800,STARFRUIT,4986,24,0.0,0.0,0.0,0.0,4993,24,0.0,0.0,0.0,0.0,4989.5,-1118.5234375,4989.5
3,86900,STARFRUIT,4991,4,4986.0,23.0,0.0,0.0,4993,23,0.0,0.0,0.0,0.0,4992.0,-1118.111328125,4989.62
3,87000,STARFRUIT,4987,2,4986.0,29.0,0.0,0.0,4993,31,0.0,0.0,0.0,0.0,4990.0,-1115.73046875,4989.532258064516
3,87100,STARFRUIT,4986,21,0.0,0.0,0.0,0.0,4993,21,0.0,0.0,0.0,0.0,4989.5,-1113.3515625,4989.5
3,87200,STARFRUIT,4987,20,0.0,0.0,0.0,0.0,4994,20,0.0,0.0,0.0,0.0,4990.5,-1118.25,4990.5
3,87300,STARFRUIT,4988,8,4987.0,28.0,0.0,0.0,4994,28,0.0,0.0,0.0,0.0,4991.0,-1117.68359375,4990.1875
3,87400,STARFRUIT,4986,25,0.0,0.0,0.0,0.0,4993,25,0.0,0.0,0.0,0.0,4989.5,-1115.16015625,4989.5
3,87500,STARFRUIT,4991,1,4986.0,26.0,0.0,0.0,4993,26,0.0,0.0,0.0,0.0,4992.0,-1110.484375,4989.528301886792
3,87600,STARFRUIT,4987,5,4986.0,22.0,0.0,0.0,4993,22,0.0,0.0,0.0,0.0,4990.0,-1108.46484375,4989.244897959184
3,87700,STARFRUIT,4986,25,0.0,0.0,0.0,0.0,4991,3,4993.0,25.0,0.0,0.0,4988.5,-1106.80078125,4989.584905660377
3,87800,STARFRUIT,4990,10,4986.0,3.0,4985.0,28.0,4992,28,0.0,0.0,0.0,0.0,4991.0,-1099.93359375,4988.608695652174
3,87900,STARFRUIT,4986,21,0.0,0.0,0.0,0.0,4991,5,4992.0,1.0,4993.0,20.0,4988.5,-1096.265625,4989.63829787234
3,88000,STARFRUIT,4986,1,4985.0,29.0,0.0,0.0,4992,30,0.0,0.0,0.0,0.0,4989.0,-1095.1015625,4988.516666666666
3,88100,STARFRUIT,4986,32,0.0,0.0,0.0,0.0,4993,32,0.0,0.0,0.0,0.0,4989.5,-1104.390625,4989.5
3,88200,STARFRUIT,4987,8,4986.0,20.0,0.0,0.0,4993,20,0.0,0.0,0.0,0.0,4990.0,-1112.671875,4989.083333333333
3,88300,STARFRUIT,4986,31,0.0,0.0,0.0,0.0,4993,31,0.0,0.0,0.0,0.0,4989.5,-1105.640625,4989.5
3,88400,STARFRUIT,4986,28,0.0,0.0,0.0,0.0,4993,29,0.0,0.0,0.0,0.0,4989.5,-1096.6484375,4989.561403508772
3,88500,STARFRUIT,4986,5,4985.0,29.0,0.0,0.0,4992,29,0.0,0.0,0.0,0.0,4989.0,-1084.203125,4988.3015873015875
3,88600,STARFRUIT,4985,23,0.0,0.0,0.0,0.0,4992,23,0.0,0.0,0.0,0.0,4988.5,-1083.875,4988.5
3,88700,STARFRUIT,4986,2,4985.0,29.0,0.0,0.0,4992,31,0.0,0.0,0.0,0.0,4989.0,-1090.75,4988.532258064516
3,88800,STARFRUIT,4986,2,4985.0,22.0,0.0,0.0,4992,24,0.0,0.0,0.0,0.0,4989.0,-1089.21875,4988.541666666667
3,88900,STARFRUIT,4990,9,4985.0,27.0,0.0,0.0,4992,27,0.0,0.0,0.0,0.0,4991.0,-1083.8359375,4988.714285714285
3,89000,STARFRUIT,4986,1,4985.0,24.0,0.0,0.0,4992,25,0.0,0.0,0.0,0.0,4989.0,-1089.125,4988.52
3,89100,STARFRUIT,4986,27,0.0,0.0,0.0,0.0,4993,27,0.0,0.0,0.0,0.0,4989.5,-1097.9609375,4989.5
3,89200,STARFRUIT,4985,22,0.0,0.0,0.0,0.0,4992,22,0.0,0.0,0.0,0.0,4988.5,-1087.203125,4988.5
3,89300,STARFRUIT,4986,2,4985.0,27.0,0.0,0.0,4992,29,0.0,0.0,0.0,0.0,4989.0,-1086.8671875,4988.5344827586205
3,89400,STARFRUIT,4986,6,4985.0,22.0,0.0,0.0,4992,23,0.0,0.0,0.0,0.0,4989.0,-1085.6171875,4988.274509803921
3,89500,STARFRUIT,4985,28,0.0,0.0,0.0,0.0,4992,28,0.0,0.0,0.0,0.0,4988.5,-1088.3515625,4988.5
3,89600,STARFRUIT,4990,1,4985.0,31.0,0.0,0.0,4992,31,0.0,0.0,0.0,0.0,4991.0,-1076.1015625,4988.523809523809
3,89700,STARFRUIT,4991,1,4985.0,25.0,0.0,0.0,4992,25,0.0,0.0,0.0,0.0,4991.5,-1082.390625,4988.549019607844
3,89800,STARFRUIT,4985,30,0.0,0.0,0.0,0.0,4992,30,0.0,0.0,0.0,0.0,4988.5,-1130.0,4988.5
3,89900,STARFRUIT,4986,1,4985.0,30.0,0.0,0.0,4992,31,0.0,0.0,0.0,0.0,4989.0,-1130.0,4988.5161290322585
3,90000,STARFRUIT,4985,27,0.0,0.0,0.0,0.0,4992,27,0.0,0.0,0.0,0.0,4988.5,-1130.0,4988.5
3,90100,STARFRUIT,4985,26,0.0,0.0,0.0,0.0,4991,2,4992.0,24.0,0.0,0.0,4988.0,-1130.0,4988.461538461538
3,90200,STARFRUIT,4985,32,0.0,0.0,0.0,0.0,4992,32,0.0,0.0,0.0,0.0,4988.5,-1130.0,4988.5
3,90300,STARFRUIT,4986,9,4985.0,24.0,0.0,0.0,4992,25,0.0,0.0,0.0,0.0,4989.0,-1130.0,4988.172413793103
3,90400,STARFRUIT,4990,5,4987.0,3.0,4986.0,27.0,4992,27,0.0,0.0,0.0,0.0,4991.0,-1130.0,4988.9838709677415
3,90500,STARFRUIT,4986,1,4985.0,21.0,0.0,0.0,4992,22,0.0,0.0,0.0,0.0,4989.0,-1124.76953125,4988.522727272727
3,90600,STARFRUIT,4986,8,4985.0,27.0,0.0,0.0,4992,27,0.0,0.0,0.0,0.0,4989.0,-1124.669921875,4988.177419354839
3,90700,STARFRUIT,4986,24,0.0,0.0,0.0,0.0,4992,1,4993.0,23.0,0.0,0.0,4989.0,-1125.94140625,4989.479166666667
3,90800,STARFRUIT,4986,1,4985.0,24.0,0.0,0.0,4992,26,0.0,0.0,0.0,0.0,4989.0,-1124.373046875,4988.588235294118
3,90900,STARFRUIT,4986,32,0.0,0.0,0.0,0.0,4991,6,4992.0,2.0,4993.0,30.0,4988.5,-1125.19921875,4989.6
3,91000,STARFRUIT,4986,1,4985.0,24.0,0.0,0.0,4992,25,0.0,0.0,0.0,0.0,4989.0,-1124.32421875,4988.52
3,91100,STARFRUIT,4986,8,4985.0,23.0,0.0,0.0,4992,24,0.0,0.0,0.0,0.0,4989.0,-1124.2265625,4988.2
3,91200,STARFRUIT,4986,26,0.0,0.0,0.0,0.0,4990,2,4992.0,26.0,0.0,0.0,4988.0,-1124.9921875,4989.037037037037
3,91300,STARFRUIT,4986,20,0.0,0.0,0.0,0.0,4993,20,0.0,0.0,0.0,0.0,4989.5,-1127.31640625,4989.5
3,91400,STARFRUIT,4986,25,0.0,0.0,0.0,0.0,4989,6,4991.0,4.0,4993.0,25.0,4987.5,-1128.9609375,4989.55
3,91500,STARFRUIT,4987,3,4986.0,27.0,0.0,0.0,4993,27,0.0,0.0,0.0,0.0,4990.0,-1124.59375,4989.368421052632
3,91600,STARFRUIT,4986,1,4985.0,26.0,0.0,0.0,4992,27,0.0,0.0,0.0,0.0,4989.0,-1125.15087890625,4988.518518518518
3,91700,STARFRUIT,4985,28,0.0,0.0,0.0,0.0,4992,28,0.0,0.0,0.0,0.0,4988.5,-1125.3798828125,4988.5
3,91800,STARFRUIT,4984,22,0.0,0.0,0.0,0.0,4991,23,0.0,0.0,0.0,0.0,4987.5,-1126.048828125,4987.577777777778
3,91900,STARFRUIT,4985,24,0.0,0.0,0.0,0.0,4990,6,4992.0,25.0,0.0,0.0,4987.5,-1125.95654296875,4988.727272727273
3,92000,STARFRUIT,4984,2,4983.0,27.0,0.0,0.0,4990,29,0.0,0.0,0.0,0.0,4987.0,-1127.14453125,4986.5344827586205
3,92100,STARFRUIT,4983,30,0.0,0.0,0.0,0.0,4990,31,0.0,0.0,0.0,0.0,4986.5,-1127.638671875,4986.55737704918
3,92200,STARFRUIT,4983,22,0.0,0.0,0.0,0.0,4989,1,4990.0,21.0,0.0,0.0,4986.0,-1127.83544921875,4986.477272727273
3,92300,STARFRUIT,4983,1,4982.0,30.0,0.0,0.0,4989,31,0.0,0.0,0.0,0.0,4986.0,-1128.12939453125,4985.5161290322585
3,92400,STARFRUIT,4983,20,0.0,0.0,0.0,0.0,4989,21,0.0,0.0,0.0,0.0,4986.0,-1126.0,4986.073170731707
3,92500,STARFRUIT,4983,32,0.0,0.0,0.0,0.0,4990,32,0.0,0.0,0.0,0.0,4986.5,-1126.0,4986.5
3,92600,STARFRUIT,4984,29,0.0,0.0,0.0,0.0,4985,5,4990.0,2.0,4991.0,28.0,4984.5,-1126.0,4987.328125
3,92700,STARFRUIT,4984,29,0.0,0.0,0.0,0.0,4991,30,0.0,0.0,0.0,0.0,4987.5,-1126.0,4987.559322033899
3,92800,STARFRUIT,4990,1,4984.0,24.0,0.0,0.0,4991,24,0.0,0.0,0.0,0.0,4990.5,-1126.0,4987.551020408163
3,92900,STARFRUIT,4985,8,4984.0,21.0,0.0,0.0,4990,1,4991.0,20.0,0.0,0.0,4987.5,-1123.16064453125,4987.08
3,93000,STARFRUIT,4984,6,4983.0,26.0,0.0,0.0,4990,26,0.0,0.0,0.0,0.0,4987.0,-1122.8994140625,4986.241379310345
3,93100,STARFRUIT,4983,31,0.0,0.0,0.0,0.0,4988,7,4990.0,31.0,0.0,0.0,4985.5,-1121.0,4986.652173913043
3,93200,STARFRUIT,4984,31,0.0,0.0,0.0,0.0,4989,3,4991.0,31.0,0.0,0.0,4986.5,-1121.0,4987.569230769231
3,93300,STARFRUIT,4990,1,4984.0,27.0,0.0,0.0,4991,27,0.0,0.0,0.0,0.0,4990.5,-1121.0,4987.545454545455
3,93400,STARFRUIT,4984,21,0.0,0.0,0.0,0.0,4991,21,0.0,0.0,0.0,0.0,4987.5,-1118.44775390625,4987.5
3,93500,STARFRUIT,4984,31,0.0,0.0,0.0,0.0,4991,31,0.0,0.0,0.0,0.0,4987.5,-1118.2919921875,4987.5
3,93600,STARFRUIT,4984,25,0.0,0.0,0.0,0.0,4991,25,0.0,0.0,0.0,0.0,4987.5,-1118.47607421875,4987.5
3,93700,STARFRUIT,4984,20,0.0,0.0,0.0,0.0,4990,1,4991.0,20.0,0.0,0.0,4987.0,-1118.01708984375,4987.5609756097565
3,93800,STARFRUIT,4985,3,4984.0,31.0,0.0,0.0,4991,31,0.0,0.0,0.0,0.0,4988.0,-1118.53125,4987.384615384615
3,93900,STARFRUIT,4984,25,0.0,0.0,0.0,0.0,4991,25,0.0,0.0,0.0,0.0,4987.5,-1118.263671875,4987.5
3,94000,STARFRUIT,4985,3,4984.0,30.0,0.0,0.0,4991,30,0.0,0.0,0.0,0.0,4988.0,-1118.404296875,4987.380952380952
3,94100,STARFRUIT,4984,32,0.0,0.0,0.0,0.0,4990,2,4991.0,30.0,0.0,0.0,4987.0,-1118.1728515625,4987.46875
3,94200,STARFRUIT,4984,27,0.0,0.0,0.0,0.0,4991,27,0.0,0.0,0.0,0.0,4987.5,-1118.34326171875,4987.5
3,94300,STARFRUIT,4983,26,0.0,0.0,0.0,0.0,4990,26,0.0,0.0,0.0,0.0,4986.5,-1117.81494140625,4986.5
3,94400,STARFRUIT,4983,30,0.0,0.0,0.0,0.0,4988,2,4990.0,30.0,0.0,0.0,4985.5,-1117.75244140625,4986.548387096775
3,94500,STARFRUIT,4984,1,4983.0,30.0,0.0,0.0,4990,31,0.0,0.0,0.0,0.0,4987.0,-1117.9033203125,4986.5161290322585
3,94600,STARFRUIT,4985,4,4984.0,26.0,0.0,0.0,4990,2,4991.0,24.0,0.0,0.0,4987.5,-1118.07275390625,4987.285714285715
3,94700,STARFRUIT,4983,31,0.0,0.0,0.0,0.0,4988,8,4990.0,31.0,0.0,0.0,4985.5,-1117.64306640625,4986.671428571429
3,94800,STARFRUIT,4984,7,4983.0,30.0,0.0,0.0,4990,31,0.0,0.0,0.0,0.0,4987.0,-1117.8349609375,4986.294117647059
3,94900,STARFRUIT,4983,21,0.0,0.0,0.0,0.0,4990,21,0.0,0.0,0.0,0.0,4986.5,-1117.76025390625,4986.5
3,95000,STARFRUIT,4984,24,0.0,0.0,0.0,0.0,4990,2,4991.0,22.0,0.0,0.0,4987.0,-1108.158203125,4987.458333333333
3,95100,STARFRUIT,4984,24,0.0,0.0,0.0,0.0,4989,8,4991.0,24.0,0.0,0.0,4986.5,-1108.87109375,4987.714285714285
3,95200,STARFRUIT,4983,22,0.0,0.0,0.0,0.0,4990,22,0.0,0.0,0.0,0.0,4986.5,-1106.5546875,4986.5
3,95300,STARFRUIT,4987,3,4984.0,28.0,0.0,0.0,4991,28,0.0,0.0,0.0,0.0,4989.0,-1111.01953125,4987.474576271186
3,95400,STARFRUIT,4984,26,0.0,0.0,0.0,0.0,4991,26,0.0,0.0,0.0,0.0,4987.5,-1127.4296875,4987.5
3,95500,STARFRUIT,4985,25,0.0,0.0,0.0,0.0,4990,4,4992.0,25.0,0.0,0.0,4987.5,-1141.5234375,4988.611111111111
3,95600,STARFRUIT,4985,31,0.0,0.0,0.0,0.0,4991,1,4992.0,30.0,0.0,0.0,4988.0,-1137.8125,4988.4838709677415
3,95700,STARFRUIT,4985,1,4984.0,23.0,0.0,0.0,4991,24,0.0,0.0,0.0,0.0,4988.0,-1132.515625,4987.520833333333
3,95800,STARFRUIT,4984,24,0.0,0.0,0.0,0.0,4991,24,0.0,0.0,0.0,0.0,4987.5,-1124.15625,4987.5
3,95900,STARFRUIT,4984,1,4983.0,23.0,0.0,0.0,4990,23,0.0,0.0,0.0,0.0,4987.0,-1110.0078125,4986.446808510638
3,96000,STARFRUIT,4983,32,0.0,0.0,0.0,0.0,4988,2,4990.0,32.0,0.0,0.0,4985.5,-1110.203125,4986.545454545455
3,96100,STARFRUIT,4988,1,4982.0,27.0,0.0,0.0,4989,27,0.0,0.0,0.0,0.0,4988.5,-1093.8359375,4985.545454545455
3,96200,STARFRUIT,4982,27,0.0,0.0,0.0,0.0,4989,27,0.0,0.0,0.0,0.0,4985.5,-1101.3125,4985.5
3,96300,STARFRUIT,4982,26,0.0,0.0,0.0,0.0,4989,26,0.0,0.0,0.0,0.0,4985.5,-1098.421875,4985.5
3,96400,STARFRUIT,4982,27,0.0,0.0,0.0,0.0,4988,1,4989.0,26.0,0.0,0.0,4985.0,-1094.625,4985.481481481482
3,96500,STARFRUIT,4982,25,0.0,0.0,0.0,0.0,4989,25,0.0,0.0,0.0,0.0,4985.5,-1101.7265625,4985.5
3,96600,STARFRUIT,4986,3,4982.0,1.0,4981.0,20.0,4988,21,0.0,0.0,0.0,0.0,4987.0,-1090.90625,4984.622222222222
3,96700,STARFRUIT,4986,1,4981.0,21.0,0.0,0.0,4988,21,0.0,0.0,0.0,0.0,4987.0,-1076.0859375,4984.53488372093
3,96800,STARFRUIT,4981,25,0.0,0.0,0.0,0.0,4988,25,0.0,0.0,0.0,0.0,4984.5,-1075.109375,4984.5
3,96900,STARFRUIT,4980,27,0.0,0.0,0.0,0.0,4987,27,0.0,0.0,0.0,0.0,4983.5,-1061.3203125,4983.5
3,97000,STARFRUIT,4980,25,0.0,0.0,0.0,0.0,4987,25,0.0,0.0,0.0,0.0,4983.5,-1062.125,4983.5
3,97100,STARFRUIT,4983,3,4980.0,25.0,0.0,0.0,4987,25,0.0,0.0,0.0,0.0,4985.0,-1059.9921875,4983.471698113208
3,97200,STARFRUIT,4984,3,4980.0,20.0,0.0,0.0,4987,20,0.0,0.0,0.0,0.0,4985.5,-1055.25,4983.53488372093
3,97300,STARFRUIT,4979,25,0.0,0.0,0.0,0.0,4986,25,0.0,0.0,0.0,0.0,4982.5,-1088.0,4982.5
3,97400,STARFRUIT,4979,28,0.0,0.0,0.0,0.0,4986,28,0.0,0.0,0.0,0.0,4982.5,-1088.0,4982.5
3,97500,STARFRUIT,4981,1,4980.0,24.0,0.0,0.0,4987,24,0.0,0.0,0.0,0.0,4984.0,-1081.619140625,4983.448979591837
3,97600,STARFRUIT,4980,24,0.0,0.0,0.0,0.0,4986,1,4987.0,23.0,0.0,0.0,4983.0,-1083.76806640625,4983.479166666667
3,97700,STARFRUIT,4985,1,4980.0,21.0,0.0,0.0,4987,21,0.0,0.0,0.0,0.0,4986.0,-1083.90771484375,4983.53488372093
3,97800,STARFRUIT,4980,27,0.0,0.0,0.0,0.0,4985,7,4987.0,27.0,0.0,0.0,4982.5,-1082.0,4983.672131147541
3,97900,STARFRUIT,4980,1,4979.0,23.0,0.0,0.0,4986,24,0.0,0.0,0.0,0.0,4983.0,-1082.0,4982.520833333333
3,98000,STARFRUIT,4980,1,4979.0,27.0,0.0,0.0,4986,28,0.0,0.0,0.0,0.0,4983.0,-1082.0,4982.517857142857
3,98100,STARFRUIT,4980,2,4979.0,21.0,0.0,0.0,4986,23,0.0,0.0,0.0,0.0,4983.0,-1082.0,4982.54347826087
3,98200,STARFRUIT,4980,1,4979.0,27.0,0.0,0.0,4986,27,0.0,0.0,0.0,0.0,4983.0,-1082.0,4982.454545454545
3,98300,STARFRUIT,4979,25,0.0,0.0,0.0,0.0,4985,1,4986.0,24.0,0.0,0.0,4982.0,-1082.0,4982.48
3,98400,STARFRUIT,4979,24,0.0,0.0,0.0,0.0,4986,24,0.0,0.0,0.0,0.0,4982.5,-1082.0,4982.5
3,98500,STARFRUIT,4979,27,0.0,0.0,0.0,0.0,4984,5,4985.0,1.0,4986.0,26.0,4981.5,-1056.39453125,4982.610169491525
3,98600,STARFRUIT,4979,32,0.0,0.0,0.0,0.0,4985,30,0.0,0.0,0.0,0.0,4982.0,-1058.1015625,4981.903225806452
3,98700,STARFRUIT,4981,6,4978.0,22.0,0.0,0.0,4985,22,0.0,0.0,0.0,0.0,4983.0,-1061.359375,4981.44
3,98800,STARFRUIT,4979,2,4978.0,24.0,0.0,0.0,4985,26,0.0,0.0,0.0,0.0,4982.0,-1065.00390625,4981.538461538462
3,98900,STARFRUIT,4978,20,0.0,0.0,0.0,0.0,4985,20,0.0,0.0,0.0,0.0,4981.5,-1064.7421875,4981.5
3,99000,STARFRUIT,4983,8,4978.0,25.0,0.0,0.0,4985,25,0.0,0.0,0.0,0.0,4984.0,-1067.4296875,4981.706896551724
