day,timestamp,product,bid_price_1,bid_volume_1,bid_price_2,bid_volume_2,bid_price_3,bid_volume_3,ask_price_1,ask_volume_1,ask_price_2,ask_volume_2,ask_price_3,ask_volume_3,mid_price,profit_and_loss,avg_price
3,0,STARFRUIT,5002,1,5001.0,28.0,0.0,0.0,5008,28,0.0,0.0,0.0,0.0,5005.0,0.0,5004.456140350877
3,100,STARFRUIT,5001,26,0.0,0.0,0.0,0.0,5008,26,0.0,0.0,0.0,0.0,5004.5,0.0,5004.5
3,200,STARFRUIT,5001,21,0.0,0.0,0.0,0.0,5008,21,0.0,0.0,0.0,0.0,5004.5,0.0,5004.5
3,300,STARFRUIT,5002,1,5001.0,26.0,0.0,0.0,5008,27,0.0,0.0,0.0,0.0,5005.0,0.0,5004.518518518518
3,400,STARFRUIT,5006,1,5000.0,28.0,0.0,0.0,5007,28,0.0,0.0,0.0,0.0,5006.5,0.0,5003.543859649123
3,500,STARFRUIT,5000,25,0.0,0.0,0.0,0.0,5007,25,0.0,0.0,0.0,0.0,5003.5,0.0,5003.5
3,600,STARFRUIT,5000,30,0.0,0.0,0.0,0.0,5007,30,0.0,0.0,0.0,0.0,5003.5,0.0,5003.5
3,700,STARFRUIT,5000,21,0.0,0.0,0.0,0.0,5007,21,0.0,0.0,0.0,0.0,5003.5,0.0,5003.5
3,800,STARFRUIT,5000,22,0.0,0.0,0.0,0.0,5007,22,0.0,0.0,0.0,0.0,5003.5,0.0,5003.5
3,900,STARFRUIT,5000,30,0.0,0.0,0.0,0.0,5006,1,5007.0,29.0,0.0,0.0,5003.0,0.0,5003.483333333334
3,1000,STARFRUIT,5000,2,4999.0,20.0,0.0,0.0,5006,22,0.0,0.0,0.0,0.0,5003.0,0.0,5002.545454545455
3,1100,STARFRUIT,5000,26,0.0,0.0,0.0,0.0,5003,3,5007.0,27.0,0.0,0.0,5001.5,0.0,5003.535714285715
3,1200,STARFRUIT,5000,29,0.0,0.0,0.0,0.0,5001,1,5007.0,29.0,0.0,0.0,5000.5,0.0,5003.457627118644
3,1300,STARFRUIT,5000,29,0.0,0.0,0.0,0.0,5005,1,5007.0,29.0,0.0,0.0,5002.5,0.0,5003.525423728814
3,1400,STARFRUIT,5001,24,0.0,0.0,0.0,0.0,5006,6,5007.0,2.0,5008.0,22.0,5003.5,0.0,5004.62962962963
3,1500,STARFRUIT,5000,24,0.0,0.0,0.0,0.0,5005,5,5007.0,24.0,0.0,0.0,5002.5,0.0,5003.641509433963
3,1600,STARFRUIT,5000,23,0.0,0.0,0.0,0.0,5007,23,0.0,0.0,0.0,0.0,5003.5,0.0,5003.5
3,1700,STARFRUIT,4999,23,0.0,0.0,0.0,0.0,5006,23,0.0,0.0,0.0,0.0,5002.5,0.0,5002.5
3,1800,STARFRUIT,4999,30,0.0,0.0,0.0,0.0,5006,30,0.0,0.0,0.0,0.0,5002.5,0.0,5002.5
3,1900,STARFRUIT,5000,4,4999.0,26.0,0.0,0.0,5006,26,0.0,0.0,0.0,0.0,5003.0,0.0,5002.321428571428
3,2000,STARFRUIT,4999,30,0.0,0.0,0.0,0.0,5006,30,0.0,0.0,0.0,0.0,5002.5,0.0,5002.5
3,2100,STARFRUIT,5000,29,0.0,0.0,0.0,0.0,5007,29,0.0,0.0,0.0,0.0,5003.5,0.0,5003.5
3,2200,STARFRUIT,5001,24,0.0,0.0,0.0,0.0,5008,24,0.0,0.0,0.0,0.0,5004.5,0.0,5004.5
3,2300,STARFRUIT,5001,1,5000.0,23.0,0.0,0.0,5007,24,0.0,0.0,0.0,0.0,5004.0,0.0,5003.520833333333
3,2400,STARFRUIT,5001,1,5000.0,28.0,0.0,0.0,5007,29,0.0,0.0,0.0,0.0,5004.0,0.0,5003.517241379311
3,2500,STARFRUIT,5000,25,0.0,0.0,0.0,0.0,5007,25,0.0,0.0,0.0,0.0,5003.5,0.0,5003.5
3,2600,STARFRUIT,5001,24,0.0,0.0,0.0,0.0,5008,24,0.0,0.0,0.0,0.0,5004.5,0.0,5004.5
3,2700,STARFRUIT,5001,26,0.0,0.0,0.0,0.0,5008,26,0.0,0.0,0.0,0.0,5004.5,0.0,5004.5
3,2800,STARFRUIT,5001,23,0.0,0.0,0.0,0.0,5008,23,0.0,0.0,0.0,0.0,5004.5,0.0,5004.5
3,2900,STARFRUIT,5001,29,0.0,0.0,0.0,0.0,5006,3,5008.0,29.0,0.0,0.0,5003.5,0.0,5004.573770491803
3,3000,STARFRUIT,5002,1,5001.0,30.0,0.0,0.0,5008,31,0.0,0.0,0.0,0.0,5005.0,0.0,5004.5161290322585
3,3100,STARFRUIT,5002,28,0.0,0.0,0.0,0.0,5009,28,0.0,0.0,0.0,0.0,5005.5,0.0,5005.5
3,3200,STARFRUIT,5008,1,5002.0,21.0,0.0,0.0,5009,21,0.0,0.0,0.0,0.0,5008.5,0.0,5005.558139534884
3,3300,STARFRUIT,5005,5,5003.0,6.0,5002.0,25.0,5008,2,5009.0,23.0,0.0,0.0,5006.5,0.0,5005.180327868852
3,3400,STARFRUIT,5006,4,5001.0,30.0,0.0,0.0,5008,30,0.0,0.0,0.0,0.0,5007.0,0.0,5004.59375
3,3500,STARFRUIT,5002,1,5001.0,30.0,0.0,0.0,5008,31,0.0,0.0,0.0,0.0,5005.0,0.0,5004.5161290322585
3,3600,STARFRUIT,5005,5,5004.0,3.0,5001.0,24.0,5006,1,5008.0,24.0,0.0,0.0,5005.5,0.0,5004.543859649123
3,3700,STARFRUIT,5001,10,5000.0,25.0,0.0,0.0,5007,27,0.0,0.0,0.0,0.0,5004.0,0.0,5003.209677419355
3,3800,STARFRUIT,5000,20,0.0,0.0,0.0,0.0,5007,20,0.0,0.0,0.0,0.0,5003.5,0.0,5003.5
3,3900,STARFRUIT,5000,24,0.0,0.0,0.0,0.0,5007,24,0.0,0.0,0.0,0.0,5003.5,0.0,5003.5
3,4000,STARFRUIT,5000,20,0.0,0.0,0.0,0.0,5007,20,0.0,0.0,0.0,0.0,5003.5,0.0,5003.5
3,4100,STARFRUIT,5001,21,0.0,0.0,0.0,0.0,5006,3,5007.0,1.0,5008.0,20.0,5003.5,0.0,5004.577777777778
3,4200,STARFRUIT,5001,31,0.0,0.0,0.0,0.0,5007,2,5008.0,29.0,0.0,0.0,5004.0,0.0,5004.467741935484
3,4300,STARFRUIT,5001,27,0.0,0.0,0.0,0.0,5002,5,5008.0,27.0,0.0,0.0,5001.5,0.0,5004.28813559322
3,4400,STARFRUIT,5001,20,0.0,0.0,0.0,0.0,5008,20,0.0,0.0,0.0,0.0,5004.5,0.0,5004.5
3,4500,STARFRUIT,5001,25,0.0,0.0,0.0,0.0,5002,1,5008.0,25.0,0.0,0.0,5001.5,0.0,5004.450980392156
3,4600,STARFRUIT,5002,2,5001.0,23.0,0.0,0.0,5008,25,0.0,0.0,0.0,0.0,5005.0,0.0,5004.54
3,4700,STARFRUIT,5002,2,5001.0,25.0,0.0,0.0,5008,27,0.0,0.0,0.0,0.0,5005.0,0.0,5004.537037037037
3,4800,STARFRUIT,5002,30,0.0,0.0,0.0,0.0,5008,1,5009.0,29.0,0.0,0.0,5005.0,0.0,5005.483333333334
3,4900,STARFRUIT,5003,6,5002.0,27.0,0.0,0.0,5009,27,0.0,0.0,0.0,0.0,5006.0,0.0,5005.25
3,5000,STARFRUIT,5002,22,0.0,0.0,0.0,0.0,5009,22,0.0,0.0,0.0,0.0,5005.5,0.0,5005.5
3,5100,STARFRUIT,5002,22,0.0,0.0,0.0,0.0,5008,2,5009.0,20.0,0.0,0.0,5005.0,0.0,5005.454545454545
3,5200,STARFRUIT,5002,9,5001.0,27.0,0.0,0.0,5008,29,0.0,0.0,0.0,0.0,5005.0,0.0,5004.261538461538
3,5300,STARFRUIT,5002,24,0.0,0.0,0.0,0.0,5009,24,0.0,0.0,0.0,0.0,5005.5,0.0,5005.5
3,5400,STARFRUIT,5003,1,5002.0,21.0,0.0,0.0,5009,21,0.0,0.0,0.0,0.0,5006.0,0.0,5005.441860465116
3,5500,STARFRUIT,5002,31,0.0,0.0,0.0,0.0,5009,31,0.0,0.0,0.0,0.0,5005.5,0.0,5005.5
3,5600,STARFRUIT,5002,28,0.0,0.0,0.0,0.0,5007,7,5009.0,28.0,0.0,0.0,5004.5,0.0,5005.666666666667
3,5700,STARFRUIT,5002,20,0.0,0.0,0.0,0.0,5009,21,0.0,0.0,0.0,0.0,5005.5,0.0,5005.585365853659
3,5800,STARFRUIT,5002,30,0.0,0.0,0.0,0.0,5007,1,5009.0,30.0,0.0,0.0,5004.5,0.0,5005.524590163935
3,5900,STARFRUIT,5002,23,0.0,0.0,0.0,0.0,5008,1,5009.0,23.0,0.0,0.0,5005.0,0.0,5005.553191489362
3,6000,STARFRUIT,5003,6,5002.0,21.0,0.0,0.0,5008,1,5009.0,20.0,0.0,0.0,5005.5,0.0,5005.166666666667
3,6100,STARFRUIT,5002,29,0.0,0.0,0.0,0.0,5009,29,0.0,0.0,0.0,0.0,5005.5,-15.3515625,5005.5
3,6200,STARFRUIT,5002,26,0.0,0.0,0.0,0.0,5009,26,0.0,0.0,0.0,0.0,5005.5,-17.818359375,5005.5
3,6300,STARFRUIT,5003,21,0.0,0.0,0.0,0.0,5010,21,0.0,0.0,0.0,0.0,5006.5,-22.23046875,5006.5
3,6400,STARFRUIT,5004,1,5003.0,22.0,0.0,0.0,5010,23,0.0,0.0,0.0,0.0,5007.0,-22.669921875,5006.521739130435
3,6500,STARFRUIT,5003,21,0.0,0.0,0.0,0.0,5010,21,0.0,0.0,0.0,0.0,5006.5,-20.4296875,5006.5
3,6600,STARFRUIT,5004,7,5003.0,28.0,0.0,0.0,5010,28,0.0,0.0,0.0,0.0,5007.0,-22.984375,5006.222222222223
3,6700,STARFRUIT,5004,28,0.0,0.0,0.0,0.0,5011,28,0.0,0.0,0.0,0.0,5007.5,-27.9765625,5007.5
3,6800,STARFRUIT,5004,29,0.0,0.0,0.0,0.0,5009,5,5011.0,29.0,0.0,0.0,5006.5,-26.71875,5007.619047619048
3,6900,STARFRUIT,5003,23,0.0,0.0,0.0,0.0,5004,1,5008.0,4.0,5010.0,23.0,5003.5,-21.79296875,5006.568627450981
3,7000,STARFRUIT,5003,1,5002.0,25.0,0.0,0.0,5009,1,5010.0,25.0,0.0,0.0,5006.0,-16.015625,5006.0
3,7100,STARFRUIT,5003,2,5002.0,25.0,0.0,0.0,5009,27,0.0,0.0,0.0,0.0,5006.0,-15.15625,5005.537037037037
3,7200,STARFRUIT,5008,1,5002.0,24.0,0.0,0.0,5009,24,0.0,0.0,0.0,0.0,5008.5,-15.455078125,5005.551020408163
3,7300,STARFRUIT,5003,32,0.0,0.0,0.0,0.0,5009,2,5010.0,30.0,0.0,0.0,5006.0,-16.099609375,5006.46875
3,7400,STARFRUIT,5002,26,0.0,0.0,0.0,0.0,5009,26,0.0,0.0,0.0,0.0,5005.5,-11.9921875,5005.5
3,7500,STARFRUIT,5002,26,0.0,0.0,0.0,0.0,5009,26,0.0,0.0,0.0,0.0,5005.5,-12.9765625,5005.5
3,7600,STARFRUIT,5007,1,5002.0,7.0,5001.0,27.0,5008,27,0.0,0.0,0.0,0.0,5007.5,-9.05078125,5004.258064516129
3,7700,STARFRUIT,5002,26,0.0,0.0,0.0,0.0,5007,5,5009.0,26.0,0.0,0.0,5004.5,-12.982421875,5005.631578947368
3,7800,STARFRUIT,5002,24,0.0,0.0,0.0,0.0,5007,6,5008.0,1.0,5009.0,23.0,5004.5,-11.646484375,5005.648148148148
3,7900,STARFRUIT,5007,1,5002.0,32.0,0.0,0.0,5009,32,0.0,0.0,0.0,0.0,5008.0,-12.59375,5005.523076923077
3,8000,STARFRUIT,5002,22,0.0,0.0,0.0,0.0,5007,4,5009.0,22.0,0.0,0.0,5004.5,-13.009765625,5005.625
3,8100,STARFRUIT,5003,20,0.0,0.0,0.0,0.0,5010,20,0.0,0.0,0.0,0.0,5006.5,-16.763671875,5006.5
3,8200,STARFRUIT,5003,2,5002.0,23.0,0.0,0.0,5009,25,0.0,0.0,0.0,0.0,5006.0,-15.09375,5005.54
3,8300,STARFRUIT,5003,24,0.0,0.0,0.0,0.0,5009,2,5010.0,22.0,0.0,0.0,5006.0,-16.4140625,5006.458333333333
3,8400,STARFRUIT,5006,2,5003.0,24.0,0.0,0.0,5010,24,0.0,0.0,0.0,0.0,5008.0,-17.265625,5006.48
3,8500,STARFRUIT,5004,2,5003.0,28.0,0.0,0.0,5010,30,0.0,0.0,0.0,0.0,5007.0,-20.666015625,5006.533333333334
3,8600,STARFRUIT,5003,22,0.0,0.0,0.0,0.0,5010,22,0.0,0.0,0.0,0.0,5006.5,-19.0078125,5006.5
3,8700,STARFRUIT,5009,1,5004.0,2.0,5003.0,26.0,5010,28,0.0,0.0,0.0,0.0,5009.5,-20.828125,5006.578947368421
3,8800,STARFRUIT,5005,1,5004.0,30.0,0.0,0.0,5010,2,5011.0,28.0,0.0,0.0,5007.5,-21.099609375,5007.426229508197
3,8900,STARFRUIT,5004,26,0.0,0.0,0.0,0.0,5011,26,0.0,0.0,0.0,0.0,5007.5,-22.55078125,5007.5
3,9000,STARFRUIT,5004,28,0.0,0.0,0.0,0.0,5011,28,0.0,0.0,0.0,0.0,5007.5,-24.232421875,5007.5
3,9100,STARFRUIT,5005,1,5004.0,22.0,0.0,0.0,5011,22,0.0,0.0,0.0,0.0,5008.0,-22.6484375,5007.444444444444
3,9200,STARFRUIT,5005,4,5004.0,28.0,0.0,0.0,5011,29,0.0,0.0,0.0,0.0,5008.0,-25.20703125,5007.393442622951
3,9300,STARFRUIT,5005,23,0.0,0.0,0.0,0.0,5012,23,0.0,0.0,0.0,0.0,5008.5,-28.89453125,5008.5
3,9400,STARFRUIT,5005,29,0.0,0.0,0.0,0.0,5011,1,5012.0,28.0,0.0,0.0,5008.0,-26.9453125,5008.482758620689
3,9500,STARFRUIT,5005,21,0.0,0.0,0.0,0.0,5012,21,0.0,0.0,0.0,0.0,5008.5,-27.3828125,5008.5
3,9600,STARFRUIT,5006,4,5005.0,21.0,0.0,0.0,5012,21,0.0,0.0,0.0,0.0,5009.0,-29.2578125,5008.282608695652
3,9700,STARFRUIT,5011,1,5005.0,25.0,0.0,0.0,5012,25,0.0,0.0,0.0,0.0,5011.5,-29.33984375,5008.549019607844
3,9800,STARFRUIT,5005,28,0.0,0.0,0.0,0.0,5010,3,5012.0,28.0,0.0,0.0,5007.5,-28.03125,5008.576271186441
3,9900,STARFRUIT,5006,28,0.0,0.0,0.0,0.0,5013,28,0.0,0.0,0.0,0.0,5009.5,-32.38671875,5009.5
3,10000,STARFRUIT,5006,24,0.0,0.0,0.0,0.0,5009,5,5011.0,1.0,5012.0,1.0,5007.5,-31.1953125,5006.8387096774195
3,10100,STARFRUIT,5006,30,0.0,0.0,0.0,0.0,5013,30,0.0,0.0,0.0,0.0,5009.5,-31.0,5009.5
3,10200,STARFRUIT,5006,29,0.0,0.0,0.0,0.0,5011,1,5013.0,29.0,0.0,0.0,5008.5,-31.0,5009.525423728814
3,10300,STARFRUIT,5006,31,0.0,0.0,0.0,0.0,5013,31,0.0,0.0,0.0,0.0,5009.5,-31.0,5009.5
3,10400,STARFRUIT,5011,1,5005.0,27.0,0.0,0.0,5012,27,0.0,0.0,0.0,0.0,5011.5,-31.0,5008.545454545455
3,10500,STARFRUIT,5005,27,0.0,0.0,0.0,0.0,5010,3,5012.0,27.0,0.0,0.0,5007.5,-31.0,5008.578947368421
3,10600,STARFRUIT,5005,28,0.0,0.0,0.0,0.0,5010,1,5012.0,28.0,0.0,0.0,5007.5,-31.0,5008.526315789473
3,10700,STARFRUIT,5005,26,0.0,0.0,0.0,0.0,5012,26,0.0,0.0,0.0,0.0,5008.5,-31.0,5008.5
3,10800,STARFRUIT,5005,23,0.0,0.0,0.0,0.0,5012,23,0.0,0.0,0.0,0.0,5008.5,-31.0,5008.5
3,10900,STARFRUIT,5006,6,5005.0,27.0,0.0,0.0,5012,29,0.0,0.0,0.0,0.0,5009.0,-31.0,5008.370967741936
3,11000,STARFRUIT,5006,28,0.0,0.0,0.0,0.0,5012,1,5013.0,27.0,0.0,0.0,5009.0,-31.0,5009.482142857143
3,11100,STARFRUIT,5011,1,5005.0,25.0,0.0,0.0,5012,25,0.0,0.0,0.0,0.0,5011.5,-31.0,5008.549019607844
3,11200,STARFRUIT,5006,2,5005.0,22.0,0.0,0.0,5012,24,0.0,0.0,0.0,0.0,5009.0,-31.0,5008.541666666667
3,11300,STARFRUIT,5006,2,5005.0,22.0,0.0,0.0,5012,24,0.0,0.0,0.0,0.0,5009.0,-31.0,5008.541666666667
3,11400,STARFRUIT,5006,1,5005.0,26.0,0.0,0.0,5012,27,0.0,0.0,0.0,0.0,5009.0,-31.0,5008.518518518518
3,11500,STARFRUIT,5006,30,0.0,0.0,0.0,0.0,5013,30,0.0,0.0,0.0,0.0,5009.5,-31.0,5009.5
3,11600,STARFRUIT,5006,8,5005.0,25.0,0.0,0.0,5012,25,0.0,0.0,0.0,0.0,5009.0,-31.0,5008.1551724137935
3,11700,STARFRUIT,5005,21,0.0,0.0,0.0,0.0,5007,4,5012.0,21.0,0.0,0.0,5006.0,-31.0,5008.369565217391
3,11800,STARFRUIT,5005,28,0.0,0.0,0.0,0.0,5012,28,0.0,0.0,0.0,0.0,5008.5,-31.0,5008.5
3,11900,STARFRUIT,5005,24,0.0,0.0,0.0,0.0,5012,24,0.0,0.0,0.0,0.0,5008.5,-31.0,5008.5
3,12000,STARFRUIT,5004,21,0.0,0.0,0.0,0.0,5011,21,0.0,0.0,0.0,0.0,5007.5,-31.0,5007.5
3,12100,STARFRUIT,5007,5,5004.0,24.0,0.0,0.0,5011,24,0.0,0.0,0.0,0.0,5009.0,-31.0,5007.452830188679
3,12200,STARFRUIT,5004,2,5003.0,30.0,0.0,0.0,5008,5,5010.0,32.0,0.0,0.0,5006.0,-31.0,5006.63768115942
3,12300,STARFRUIT,5004,31,0.0,0.0,0.0,0.0,5011,31,0.0,0.0,0.0,0.0,5007.5,-31.0,5007.5
3,12400,STARFRUIT,5004,2,5003.0,20.0,0.0,0.0,5010,22,0.0,0.0,0.0,0.0,5007.0,-31.0,5006.545454545455
3,12500,STARFRUIT,5003,25,0.0,0.0,0.0,0.0,5010,25,0.0,0.0,0.0,0.0,5006.5,-31.0,5006.5
3,12600,STARFRUIT,5003,22,0.0,0.0,0.0,0.0,5010,22,0.0,0.0,0.0,0.0,5006.5,-31.0,5006.5
3,12700,STARFRUIT,5003,32,0.0,0.0,0.0,0.0,5004,1,5006.0,4.0,5010.0,32.0,5003.5,-31.0,5006.434782608696
3,12800,STARFRUIT,5004,7,5003.0,24.0,0.0,0.0,5010,24,0.0,0.0,0.0,0.0,5007.0,-97.390625,5006.181818181818
3,12900,STARFRUIT,5003,25,0.0,0.0,0.0,0.0,5010,25,0.0,0.0,0.0,0.0,5006.5,-101.046875,5006.5
3,13000,STARFRUIT,5003,24,0.0,0.0,0.0,0.0,5010,24,0.0,0.0,0.0,0.0,5006.5,-105.171875,5006.5
3,13100,STARFRUIT,5004,1,5003.0,20.0,0.0,0.0,5010,21,0.0,0.0,0.0,0.0,5007.0,-110.453125,5006.523809523809
3,13200,STARFRUIT,5003,25,0.0,0.0,0.0,0.0,5010,25,0.0,0.0,0.0,0.0,5006.5,-92.7265625,5006.5
3,13300,STARFRUIT,5003,27,0.0,0.0,0.0,0.0,5010,27,0.0,0.0,0.0,0.0,5006.5,-94.6640625,5006.5
3,13400,STARFRUIT,5003,26,0.0,0.0,0.0,0.0,5009,1,5010.0,25.0,0.0,0.0,5006.0,-92.5,5006.4807692307695
3,13500,STARFRUIT,5005,5,5002.0,26.0,0.0,0.0,5009,26,0.0,0.0,0.0,0.0,5007.0,-86.09375,5005.456140350877
3,13600,STARFRUIT,5007,3,5003.0,5.0,5002.0,21.0,5009,21,0.0,0.0,0.0,0.0,5008.0,-84.9140625,5005.34
3,13700,STARFRUIT,5002,28,0.0,0.0,0.0,0.0,5007,1,5009.0,28.0,0.0,0.0,5004.5,-82.5625,5005.526315789473
3,13800,STARFRUIT,5002,31,0.0,0.0,0.0,0.0,5007,6,5008.0,1.0,5009.0,30.0,5004.5,-75.1796875,5005.617647058823
3,13900,STARFRUIT,5001,21,0.0,0.0,0.0,0.0,5006,5,5008.0,21.0,0.0,0.0,5003.5,-63.8828125,5004.659574468085
3,14000,STARFRUIT,5001,30,0.0,0.0,0.0,0.0,5008,30,0.0,0.0,0.0,0.0,5004.5,-64.5234375,5004.5
3,14100,STARFRUIT,5006,1,5001.0,24.0,0.0,0.0,5007,1,5008.0,23.0,0.0,0.0,5006.5,-55.875,5004.510204081633
3,14200,STARFRUIT,5000,27,0.0,0.0,0.0,0.0,5007,27,0.0,0.0,0.0,0.0,5003.5,-40.0546875,5003.5
3,14300,STARFRUIT,5000,26,0.0,0.0,0.0,0.0,5007,26,0.0,0.0,0.0,0.0,5003.5,-44.0625,5003.5
3,14400,STARFRUIT,5003,5,5001.0,1.0,5000.0,28.0,5007,29,0.0,0.0,0.0,0.0,5005.0,-49.9921875,5003.476190476191
3,14500,STARFRUIT,5000,25,0.0,0.0,0.0,0.0,5005,8,5007.0,25.0,0.0,0.0,5002.5,-45.03125,5003.706896551724
3,14600,STARFRUIT,5001,25,0.0,0.0,0.0,0.0,5006,3,5007.0,2.0,5008.0,23.0,5003.5,-54.8203125,5004.547169811321
3,14700,STARFRUIT,5006,2,5002.0,2.0,5001.0,20.0,5008,22,0.0,0.0,0.0,0.0,5007.0,-66.890625,5004.608695652174
3,14800,STARFRUIT,5002,26,0.0,0.0,0.0,0.0,5009,26,0.0,0.0,0.0,0.0,5005.5,-88.890625,5005.5
3,14900,STARFRUIT,5003,31,0.0,0.0,0.0,0.0,5009,1,5010.0,30.0,0.0,0.0,5006.0,-91.6640625,5006.4838709677415
3,15000,STARFRUIT,5003,6,5002.0,25.0,0.0,0.0,5009,2,5010.0,25.0,0.0,0.0,5006.0,-90.9375,5005.793103448276
3,15100,STARFRUIT,5003,4,5002.0,25.0,0.0,0.0,5009,25,0.0,0.0,0.0,0.0,5006.0,-81.078125,5005.314814814815
3,15200,STARFRUIT,5003,1,5002.0,20.0,0.0,0.0,5007,3,5009.0,21.0,0.0,0.0,5005.0,-86.5859375,5005.622222222222
3,15300,STARFRUIT,5002,30,0.0,0.0,0.0,0.0,5009,30,0.0,0.0,0.0,0.0,5005.5,-88.8125,5005.5
3,15400,STARFRUIT,5003,25,0.0,0.0,0.0,0.0,5010,25,0.0,0.0,0.0,0.0,5006.5,-97.421875,5006.5
3,15500,STARFRUIT,5004,6,5003.0,29.0,0.0,0.0,5010,29,0.0,0.0,0.0,0.0,5007.0,-98.328125,5006.265625
3,15600,STARFRUIT,5003,23,0.0,0.0,0.0,0.0,5008,2,5010.0,23.0,0.0,0.0,5005.5,-96.796875,5006.5625
3,15700,STARFRUIT,5004,3,5003.0,24.0,0.0,0.0,5010,24,0.0,0.0,0.0,0.0,5007.0,-102.6796875,5006.35294117647
3,15800,STARFRUIT,5002,29,0.0,0.0,0.0,0.0,5009,29,0.0,0.0,0.0,0.0,5005.5,-90.5390625,5005.5
3,15900,STARFRUIT,5002,23,0.0,0.0,0.0,0.0,5005,2,5008.0,1.0,5009.0,22.0,5003.5,-73.1953125,5005.458333333333
3,16000,STARFRUIT,5002,29,0.0,0.0,0.0,0.0,5008,2,5009.0,27.0,0.0,0.0,5005.0,-75.421875,5005.4655172413795
3,16100,STARFRUIT,5005,6,5002.0,27.0,0.0,0.0,5009,27,0.0,0.0,0.0,0.0,5007.0,-78.671875,5005.45
3,16200,STARFRUIT,5003,8,5002.0,25.0,0.0,0.0,5008,1,5009.0,24.0,0.0,0.0,5005.5,-72.0546875,5005.137931034483
3,16300,STARFRUIT,5002,21,0.0,0.0,0.0,0.0,5009,21,0.0,0.0,0.0,0.0,5005.5,-86.234375,5005.5
3,16400,STARFRUIT,5002,21,0.0,0.0,0.0,0.0,5009,21,0.0,0.0,0.0,0.0,5005.5,-85.984375,5005.5
3,16500,STARFRUIT,5008,1,5003.0,23.0,0.0,0.0,5010,23,0.0,0.0,0.0,0.0,5009.0,-96.625,5006.531914893617
3,16600,STARFRUIT,5003,29,0.0,0.0,0.0,0.0,5009,1,5010.0,28.0,0.0,0.0,5006.0,-92.609375,5006.482758620689
3,16700,STARFRUIT,5002,21,0.0,0.0,0.0,0.0,5003,9,5009.0,22.0,0.0,0.0,5002.5,-89.03125,5005.134615384615
3,16800,STARFRUIT,5003,26,0.0,0.0,0.0,0.0,5008,1,5010.0,26.0,0.0,0.0,5005.5,-98.5859375,5006.528301886792
3,16900,STARFRUIT,5009,1,5003.0,23.0,0.0,0.0,5010,23,0.0,0.0,0.0,0.0,5009.5,-105.078125,5006.553191489362
3,17000,STARFRUIT,5004,6,5003.0,24.0,0.0,0.0,5010,24,0.0,0.0,0.0,0.0,5007.0,-96.03125,5006.222222222223
3,17100,STARFRUIT,5003,29,0.0,0.0,0.0,0.0,5010,29,0.0,0.0,0.0,0.0,5006.5,-104.0078125,5006.5
3,17200,STARFRUIT,5004,1,5003.0,29.0,0.0,0.0,5010,30,0.0,0.0,0.0,0.0,5007.0,-107.4375,5006.516666666666
3,17300,STARFRUIT,5005,2,5004.0,23.0,0.0,0.0,5010,1,5011.0,22.0,0.0,0.0,5007.5,-112.25,5007.375
3,17400,STARFRUIT,5004,30,0.0,0.0,0.0,0.0,5005,1,5009.0,4.0,5011.0,30.0,5004.5,-124.1328125,5007.553846153846
3,17500,STARFRUIT,5004,29,0.0,0.0,0.0,0.0,5010,2,5011.0,27.0,0.0,0.0,5007.0,-115.4921875,5007.4655172413795
3,17600,STARFRUIT,5003,24,0.0,0.0,0.0,0.0,5008,5,5010.0,24.0,0.0,0.0,5005.5,-101.296875,5006.641509433963
3,17700,STARFRUIT,5004,8,5003.0,21.0,0.0,0.0,5010,21,0.0,0.0,0.0,0.0,5007.0,-103.1875,5006.1
3,17800,STARFRUIT,5003,28,0.0,0.0,0.0,0.0,5008,4,5010.0,28.0,0.0,0.0,5005.5,-104.7890625,5006.6
3,17900,STARFRUIT,5008,1,5003.0,20.0,0.0,0.0,5010,20,0.0,0.0,0.0,0.0,5009.0,-95.390625,5006.536585365854
3,18000,STARFRUIT,5004,7,5003.0,22.0,0.0,0.0,5010,22,0.0,0.0,0.0,0.0,5007.0,-100.65625,5006.156862745098
3,18100,STARFRUIT,5007,3,5003.0,27.0,0.0,0.0,5010,27,0.0,0.0,0.0,0.0,5008.5,-92.0625,5006.526315789473
3,18200,STARFRUIT,5004,4,5003.0,28.0,0.0,0.0,5009,2,5010.0,26.0,0.0,0.0,5006.5,-93.2734375,5006.3
3,18300,STARFRUIT,5003,2,5002.0,28.0,0.0,0.0,5009,28,0.0,0.0,0.0,0.0,5006.0,-78.21875,5005.413793103448
3,18400,STARFRUIT,5002,22,0.0,0.0,0.0,0.0,5009,22,0.0,0.0,0.0,0.0,5005.5,-76.8203125,5005.5
3,18500,STARFRUIT,5002,28,0.0,0.0,0.0,0.0,5009,28,0.0,0.0,0.0,0.0,5005.5,-79.28125,5005.5
3,18600,STARFRUIT,5002,26,0.0,0.0,0.0,0.0,5009,26,0.0,0.0,0.0,0.0,5005.5,-88.109375,5005.5
3,18700,STARFRUIT,5003,2,5002.0,26.0,0.0,0.0,5009,27,0.0,0.0,0.0,0.0,5006.0,-86.3515625,5005.472727272727
3,18800,STARFRUIT,5002,30,0.0,0.0,0.0,0.0,5009,30,0.0,0.0,0.0,0.0,5005.5,-84.8359375,5005.5
3,18900,STARFRUIT,5001,21,0.0,0.0,0.0,0.0,5002,1,5008.0,21.0,0.0,0.0,5001.5,-70.828125,5004.441860465116
3,19000,STARFRUIT,5001,20,0.0,0.0,0.0,0.0,5008,21,0.0,0.0,0.0,0.0,5004.5,-59.8984375,5004.585365853659
3,19100,STARFRUIT,5000,26,0.0,0.0,0.0,0.0,5007,26,0.0,0.0,0.0,0.0,5003.5,-45.9375,5003.5
3,19200,STARFRUIT,5001,1,5000.0,29.0,0.0,0.0,5005,5,5007.0,30.0,0.0,0.0,5003.0,-48.03125,5003.630769230769
3,19300,STARFRUIT,5002,3,5001.0,24.0,0.0,0.0,5008,24,0.0,0.0,0.0,0.0,5005.0,-60.9609375,5004.35294117647
3,19400,STARFRUIT,5007,1,5002.0,26.0,0.0,0.0,5008,2,5009.0,24.0,0.0,0.0,5007.5,-73.015625,5005.490566037736
3,19500,STARFRUIT,5002,8,5001.0,25.0,0.0,0.0,5008,25,0.0,0.0,0.0,0.0,5005.0,-63.640625,5004.1551724137935
3,19600,STARFRUIT,5001,26,0.0,0.0,0.0,0.0,5008,26,0.0,0.0,0.0,0.0,5004.5,-63.859375,5004.5
3,19700,STARFRUIT,5001,25,0.0,0.0,0.0,0.0,5008,25,0.0,0.0,0.0,0.0,5004.5,-57.9609375,5004.5
3,19800,STARFRUIT,5002,4,5001.0,26.0,0.0,0.0,5008,26,0.0,0.0,0.0,0.0,5005.0,-58.734375,5004.321428571428
3,19900,STARFRUIT,5001,27,0.0,0.0,0.0,0.0,5007,1,5008.0,26.0,0.0,0.0,5004.0,-54.328125,5004.481481481482
3,20000,STARFRUIT,5001,21,0.0,0.0,0.0,0.0,5008,21,0.0,0.0,0.0,0.0,5004.5,-66.9375,5004.5
3,20100,STARFRUIT,5001,27,0.0,0.0,0.0,0.0,5008,28,0.0,0.0,0.0,0.0,5004.5,-55.953125,5004.563636363637
3,20200,STARFRUIT,5001,29,0.0,0.0,0.0,0.0,5008,29,0.0,0.0,0.0,0.0,5004.5,-66.0078125,5004.5
3,20300,STARFRUIT,5001,25,0.0,0.0,0.0,0.0,5008,26,0.0,0.0,0.0,0.0,5004.5,-60.75,5004.568627450981
3,20400,STARFRUIT,5001,28,0.0,0.0,0.0,0.0,5008,28,0.0,0.0,0.0,0.0,5004.5,-62.09375,5004.5
3,20500,STARFRUIT,5001,23,0.0,0.0,0.0,0.0,5007,1,5008.0,22.0,0.0,0.0,5004.0,-53.03125,5004.478260869565
3,20600,STARFRUIT,5000,27,0.0,0.0,0.0,0.0,5003,3,5007.0,27.0,0.0,0.0,5001.5,-41.2265625,5003.473684210527
3,20700,STARFRUIT,5001,27,0.0,0.0,0.0,0.0,5006,7,5007.0,1.0,5008.0,26.0,5003.5,-51.296875,5004.6557377049185
3,20800,STARFRUIT,5006,1,5001.0,2.0,5000.0,24.0,5007,26,0.0,0.0,0.0,0.0,5006.5,-47.78125,5003.584905660377
3,20900,STARFRUIT,5000,28,0.0,0.0,0.0,0.0,5007,28,0.0,0.0,0.0,0.0,5003.5,-47.6328125,5003.5
3,21000,STARFRUIT,5001,29,0.0,0.0,0.0,0.0,5007,2,5008.0,28.0,0.0,0.0,5004.0,-52.8125,5004.525423728814
3,21100,STARFRUIT,5001,21,0.0,0.0,0.0,0.0,5007,1,5008.0,21.0,0.0,0.0,5004.0,-52.90625,5004.558139534884
3,21200,STARFRUIT,5001,21,0.0,0.0,0.0,0.0,5006,6,5008.0,21.0,0.0,0.0,5003.5,-58.8828125,5004.6875
3,21300,STARFRUIT,5001,25,0.0,0.0,0.0,0.0,5008,25,0.0,0.0,0.0,0.0,5004.5,-57.546875,5004.5
3,21400,STARFRUIT,5001,22,0.0,0.0,0.0,0.0,5006,2,5008.0,22.0,0.0,0.0,5003.5,-61.7734375,5004.565217391304
3,21500,STARFRUIT,5001,28,0.0,0.0,0.0,0.0,5008,28,0.0,0.0,0.0,0.0,5004.5,-58.8203125,5004.5
3,21600,STARFRUIT,5001,23,0.0,0.0,0.0,0.0,5008,23,0.0,0.0,0.0,0.0,5004.5,-57.03125,5004.5
3,21700,STARFRUIT,5001,25,0.0,0.0,0.0,0.0,5008,25,0.0,0.0,0.0,0.0,5004.5,-61.90625,5004.5
3,21800,STARFRUIT,5001,27,0.0,0.0,0.0,0.0,5008,27,0.0,0.0,0.0,0.0,5004.5,-63.171875,5004.5
3,21900,STARFRUIT,5001,26,0.0,0.0,0.0,0.0,5008,26,0.0,0.0,0.0,0.0,5004.5,-62.3984375,5004.5
3,22000,STARFRUIT,5001,27,0.0,0.0,0.0,0.0,5008,27,0.0,0.0,0.0,0.0,5004.5,-62.28125,5004.5
3,22100,STARFRUIT,5002,2,5001.0,27.0,0.0,0.0,5008,29,0.0,0.0,0.0,0.0,5005.0,-69.84375,5004.5344827586205
3,22200,STARFRUIT,5002,31,0.0,0.0,0.0,0.0,5008,1,5009.0,30.0,0.0,0.0,5005.0,-73.3359375,5005.4838709677415
3,22300,STARFRUIT,5002,29,0.0,0.0,0.0,0.0,5009,29,0.0,0.0,0.0,0.0,5005.5,-80.796875,5005.5
3,22400,STARFRUIT,5002,21,0.0,0.0,0.0,0.0,5009,21,0.0,0.0,0.0,0.0,5005.5,-73.359375,5005.5
3,22500,STARFRUIT,5002,24,0.0,0.0,0.0,0.0,5009,24,0.0,0.0,0.0,0.0,5005.5,-72.984375,5005.5
3,22600,STARFRUIT,5002,25,0.0,0.0,0.0,0.0,5008,1,5009.0,24.0,0.0,0.0,5005.0,-71.703125,5005.48
3,22700,STARFRUIT,5002,29,0.0,0.0,0.0,0.0,5009,29,0.0,0.0,0.0,0.0,5005.5,-75.0625,5005.5
3,22800,STARFRUIT,5002,2,5001.0,24.0,0.0,0.0,5008,26,0.0,0.0,0.0,0.0,5005.0,-68.9375,5004.538461538462
3,22900,STARFRUIT,5001,28,0.0,0.0,0.0,0.0,5008,29,0.0,0.0,0.0,0.0,5004.5,-57.8125,5004.561403508772
3,23000,STARFRUIT,5000,21,0.0,0.0,0.0,0.0,5007,21,0.0,0.0,0.0,0.0,5003.5,-42.5,5003.5
3,23100,STARFRUIT,5000,23,0.0,0.0,0.0,0.0,5007,23,0.0,0.0,0.0,0.0,5003.5,-39.875,5003.5
3,23200,STARFRUIT,5000,24,0.0,0.0,0.0,0.0,5006,1,5007.0,23.0,0.0,0.0,5003.0,-34.78125,5003.479166666667
3,23300,STARFRUIT,5001,25,0.0,0.0,0.0,0.0,5008,26,0.0,0.0,0.0,0.0,5004.5,-51.5,5004.568627450981
3,23400,STARFRUIT,5001,28,0.0,0.0,0.0,0.0,5008,29,0.0,0.0,0.0,0.0,5004.5,-58.9375,5004.561403508772
3,23500,STARFRUIT,5002,5,5001.0,23.0,0.0,0.0,5008,23,0.0,0.0,0.0,0.0,5005.0,-65.9140625,5004.254901960784
3,23600,STARFRUIT,5001,30,0.0,0.0,0.0,0.0,5006,3,5008.0,30.0,0.0,0.0,5003.5,-64.28125,5004.571428571428
3,23700,STARFRUIT,5001,29,0.0,0.0,0.0,0.0,5008,29,0.0,0.0,0.0,0.0,5004.5,-62.9375,5004.5
3,23800,STARFRUIT,5001,32,0.0,0.0,0.0,0.0,5007,2,5008.0,30.0,0.0,0.0,5004.0,-51.96875,5004.46875
3,23900,STARFRUIT,5006,1,5001.0,26.0,0.0,0.0,5008,26,0.0,0.0,0.0,0.0,5007.0,-55.1796875,5004.528301886792
3,24000,STARFRUIT,5006,5,5002.0,2.0,5001.0,22.0,5008,24,0.0,0.0,0.0,0.0,5007.0,-70.625,5004.679245283019
3,24100,STARFRUIT,5001,30,0.0,0.0,0.0,0.0,5008,30,0.0,0.0,0.0,0.0,5004.5,-63.890625,5004.5
3,24200,STARFRUIT,5001,27,0.0,0.0,0.0,0.0,5008,27,0.0,0.0,0.0,0.0,5004.5,-64.234375,5004.5
3,24300,STARFRUIT,5007,1,5001.0,26.0,0.0,0.0,5008,26,0.0,0.0,0.0,0.0,5007.5,-61.0078125,5004.547169811321
3,24400,STARFRUIT,5002,7,5001.0,28.0,0.0,0.0,5008,28,0.0,0.0,0.0,0.0,5005.0,-58.953125,5004.222222222223
3,24500,STARFRUIT,5004,3,5001.0,24.0,0.0,0.0,5006,5,5007.0,2.0,5008.0,22.0,5005.0,-55.953125,5004.571428571428
3,24600,STARFRUIT,5001,2,5000.0,21.0,0.0,0.0,5005,8,5007.0,23.0,0.0,0.0,5003.0,-50.2578125,5003.759259259259
3,24700,STARFRUIT,5001,7,5000.0,28.0,0.0,0.0,5006,1,5007.0,27.0,0.0,0.0,5003.5,-33.921875,5003.206349206349
3,24800,STARFRUIT,4999,27,0.0,0.0,0.0,0.0,5006,27,0.0,0.0,0.0,0.0,5002.5,-25.4140625,5002.5
3,24900,STARFRUIT,4999,31,0.0,0.0,0.0,0.0,5006,31,0.0,0.0,0.0,0.0,5002.5,-23.4609375,5002.5
3,25000,STARFRUIT,5000,8,4999.0,29.0,0.0,0.0,5006,29,0.0,0.0,0.0,0.0,5003.0,-20.5,5002.19696969697
3,25100,STARFRUIT,4999,2,4998.0,20.0,0.0,0.0,5005,22,0.0,0.0,0.0,0.0,5002.0,-6.890625,5001.545454545455
3,25200,STARFRUIT,4998,24,0.0,0.0,0.0,0.0,5003,5,5005.0,24.0,0.0,0.0,5000.5,1.84375,5001.641509433963
3,25300,STARFRUIT,4997,26,0.0,0.0,0.0,0.0,5004,26,0.0,0.0,0.0,0.0,5000.5,10.765625,5000.5
3,25400,STARFRUIT,4998,28,0.0,0.0,0.0,0.0,5005,28,0.0,0.0,0.0,0.0,5001.5,-2.078125,5001.5
3,25500,STARFRUIT,4999,8,4998.0,26.0,0.0,0.0,5005,26,0.0,0.0,0.0,0.0,5002.0,-7.125,5001.166666666667
3,25600,STARFRUIT,5003,5,4998.0,25.0,0.0,0.0,5005,25,0.0,0.0,0.0,0.0,5004.0,-0.9296875,5001.636363636364
3,25700,STARFRUIT,5004,1,4998.0,26.0,0.0,0.0,5005,26,0.0,0.0,0.0,0.0,5004.5,-4.5234375,5001.547169811321
3,25800,STARFRUIT,4999,1,4998.0,26.0,0.0,0.0,5005,26,0.0,0.0,0.0,0.0,5002.0,-1.546875,5001.452830188679
3,25900,STARFRUIT,4998,26,0.0,0.0,0.0,0.0,5005,26,0.0,0.0,0.0,0.0,5001.5,-0.4140625,5001.5
3,26000,STARFRUIT,4998,23,0.0,0.0,0.0,0.0,5005,23,0.0,0.0,0.0,0.0,5001.5,-3.359375,5001.5
3,26100,STARFRUIT,4998,32,0.0,0.0,0.0,0.0,5005,32,0.0,0.0,0.0,0.0,5001.5,-4.625,5001.5
3,26200,STARFRUIT,4999,3,4998.0,26.0,0.0,0.0,5005,26,0.0,0.0,0.0,0.0,5002.0,3.3671875,5001.363636363636
3,26300,STARFRUIT,4998,29,0.0,0.0,0.0,0.0,5003,7,5004.0,1.0,5005.0,28.0,5000.5,7.25,5001.6461538461535
3,26400,STARFRUIT,4998,30,0.0,0.0,0.0,0.0,5004,2,5005.0,28.0,0.0,0.0,5001.0,7.34375,5001.466666666666
3,26500,STARFRUIT,4998,27,0.0,0.0,0.0,0.0,5001,4,5003.0,5.0,5005.0,27.0,4999.5,8.0,5001.587301587301
3,26600,STARFRUIT,4998,2,4997.0,29.0,0.0,0.0,5004,31,0.0,0.0,0.0,0.0,5001.0,12.9140625,5000.532258064516
3,26700,STARFRUIT,4998,26,0.0,0.0,0.0,0.0,5005,26,0.0,0.0,0.0,0.0,5001.5,-5.859375,5001.5
3,26800,STARFRUIT,4999,25,0.0,0.0,0.0,0.0,5006,25,0.0,0.0,0.0,0.0,5002.5,-24.09375,5002.5
3,26900,STARFRUIT,5005,1,5000.0,1.0,4999.0,22.0,5006,23,0.0,0.0,0.0,0.0,5005.5,-27.3125,5002.574468085107
3,27000,STARFRUIT,5000,2,4999.0,26.0,0.0,0.0,5006,28,0.0,0.0,0.0,0.0,5003.0,-28.5,5002.535714285715
3,27100,STARFRUIT,4999,24,0.0,0.0,0.0,0.0,5000,1,5006.0,24.0,0.0,0.0,4999.5,-30.9609375,5002.448979591837
3,27200,STARFRUIT,5000,1,4999.0,24.0,0.0,0.0,5004,1,5006.0,26.0,0.0,0.0,5002.0,-27.34375,5002.615384615385
3,27300,STARFRUIT,5000,2,4999.0,24.0,0.0,0.0,5006,26,0.0,0.0,0.0,0.0,5003.0,-29.65625,5002.538461538462
3,27400,STARFRUIT,4999,30,0.0,0.0,0.0,0.0,5006,30,0.0,0.0,0.0,0.0,5002.5,-19.703125,5002.5
3,27500,STARFRUIT,4999,25,0.0,0.0,0.0,0.0,5002,5,5005.0,2.0,5006.0,23.0,5000.5,-12.59375,5002.418181818181
3,27600,STARFRUIT,4999,2,4998.0,28.0,0.0,0.0,5005,30,0.0,0.0,0.0,0.0,5002.0,-7.4921875,5001.533333333334
3,27700,STARFRUIT,5004,1,4998.0,30.0,0.0,0.0,5005,30,0.0,0.0,0.0,0.0,5004.5,-5.0234375,5001.540983606557
3,27800,STARFRUIT,4998,30,0.0,0.0,0.0,0.0,5005,30,0.0,0.0,0.0,0.0,5001.5,1.65625,5001.5
3,27900,STARFRUIT,5001,2,4998.0,25.0,0.0,0.0,5005,25,0.0,0.0,0.0,0.0,5003.0,-1.53125,5001.4807692307695
3,28000,STARFRUIT,4999,5,4998.0,22.0,0.0,0.0,5005,22,0.0,0.0,0.0,0.0,5002.0,-0.9609375,5001.244897959184
3,28100,STARFRUIT,4998,22,0.0,0.0,0.0,0.0,5004,2,5005.0,20.0,0.0,0.0,5001.0,5.9453125,5001.454545454545
3,28200,STARFRUIT,4998,23,0.0,0.0,0.0,0.0,5005,23,0.0,0.0,0.0,0.0,5001.5,3.2109375,5001.5
3,28300,STARFRUIT,4999,2,4998.0,28.0,0.0,0.0,5005,28,0.0,0.0,0.0,0.0,5002.0,3.796875,5001.413793103448
3,28400,STARFRUIT,4998,30,0.0,0.0,0.0,0.0,5005,30,0.0,0.0,0.0,0.0,5001.5,0.890625,5001.5
3,28500,STARFRUIT,4999,22,0.0,0.0,0.0,0.0,5006,22,0.0,0.0,0.0,0.0,5002.5,-16.453125,5002.5
3,28600,STARFRUIT,5000,24,0.0,0.0,0.0,0.0,5005,8,5006.0,2.0,5007.0,22.0,5002.5,-33.6171875,5003.678571428572
3,28700,STARFRUIT,5000,31,0.0,0.0,0.0,0.0,5006,1,5007.0,30.0,0.0,0.0,5003.0,-34.59375,5003.4838709677415
3,28800,STARFRUIT,4999,25,0.0,0.0,0.0,0.0,5006,25,0.0,0.0,0.0,0.0,5002.5,-23.4609375,5002.5
3,28900,STARFRUIT,5000,1,4999.0,22.0,0.0,0.0,5006,23,0.0,0.0,0.0,0.0,5003.0,-26.828125,5002.521739130435
3,29000,STARFRUIT,5000,1,4999.0,25.0,0.0,0.0,5006,26,0.0,0.0,0.0,0.0,5003.0,-27.8125,5002.5192307692305
3,29100,STARFRUIT,5000,2,4999.0,26.0,0.0,0.0,5006,28,0.0,0.0,0.0,0.0,5003.0,-30.9609375,5002.535714285715
3,29200,STARFRUIT,4999,24,0.0,0.0,0.0,0.0,5004,1,5006.0,24.0,0.0,0.0,5001.5,-25.046875,5002.530612244898
3,29300,STARFRUIT,5000,1,4999.0,23.0,0.0,0.0,5006,23,0.0,0.0,0.0,0.0,5003.0,-18.578125,5002.446808510638
3,29400,STARFRUIT,4999,23,0.0,0.0,0.0,0.0,5004,2,5005.0,1.0,5006.0,22.0,5001.5,-13.9375,5002.541666666667
3,29500,STARFRUIT,4999,2,4998.0,27.0,0.0,0.0,5005,29,0.0,0.0,0.0,0.0,5002.0,-9.5625,5001.5344827586205
3,29600,STARFRUIT,4998,26,0.0,0.0,0.0,0.0,5005,26,0.0,0.0,0.0,0.0,5001.5,-0.015625,5001.5
3,29700,STARFRUIT,5000,2,4999.0,28.0,0.0,0.0,5006,28,0.0,0.0,0.0,0.0,5003.0,-11.8203125,5002.413793103448
3,29800,STARFRUIT,4998,31,0.0,0.0,0.0,0.0,5005,31,0.0,0.0,0.0,0.0,5001.5,-1.4765625,5001.5
3,29900,STARFRUIT,5002,4,4998.0,7.0,4997.0,25.0,5004,25,0.0,0.0,0.0,0.0,5003.0,19.0,5000.311475409836
3,30000,STARFRUIT,5003,1,5002.0,2.0,4997.0,20.0,5004,20,0.0,0.0,0.0,0.0,5003.5,14.09375,5000.627906976744
3,30100,STARFRUIT,4997,20,0.0,0.0,0.0,0.0,5002,7,5004.0,20.0,0.0,0.0,4999.5,10.203125,5000.723404255319
3,30200,STARFRUIT,4999,2,4998.0,30.0,0.0,0.0,5005,30,0.0,0.0,0.0,0.0,5002.0,8.8828125,5001.419354838709
3,30300,STARFRUIT,4999,8,4998.0,25.0,0.0,0.0,5004,2,5005.0,23.0,0.0,0.0,5001.5,5.6875,5001.120689655172
3,30400,STARFRUIT,5001,4,4998.0,24.0,0.0,0.0,5005,24,0.0,0.0,0.0,0.0,5003.0,1.734375,5001.461538461538
3,30500,STARFRUIT,4998,2,4997.0,26.0,0.0,0.0,5004,28,0.0,0.0,0.0,0.0,5001.0,11.8203125,5000.535714285715
3,30600,STARFRUIT,5002,4,4999.0,8.0,4998.0,24.0,5005,24,0.0,0.0,0.0,0.0,5003.5,7.65625,5001.2
3,30700,STARFRUIT,4997,22,0.0,0.0,0.0,0.0,5004,22,0.0,0.0,0.0,0.0,5000.5,14.7734375,5000.5
3,30800,STARFRUIT,5003,1,4998.0,30.0,0.0,0.0,5004,1,5005.0,29.0,0.0,0.0,5003.5,5.0,5001.508196721312
3,30900,STARFRUIT,4999,6,4998.0,29.0,0.0,0.0,5004,1,5005.0,28.0,0.0,0.0,5001.5,4.2421875,5001.25
3,31000,STARFRUIT,4998,25,0.0,0.0,0.0,0.0,5004,2,5005.0,23.0,0.0,0.0,5001.0,8.53125,5001.46
3,31100,STARFRUIT,4998,24,0.0,0.0,0.0,0.0,5003,2,5005.0,24.0,0.0,0.0,5000.5,-4.453125,5001.56
3,31200,STARFRUIT,4998,31,0.0,0.0,0.0,0.0,5003,7,5005.0,31.0,0.0,0.0,5000.5,-4.8203125,5001.652173913043
3,31300,STARFRUIT,4998,23,0.0,0.0,0.0,0.0,4999,1,5005.0,23.0,0.0,0.0,4998.5,-6.0078125,5001.446808510638
3,31400,STARFRUIT,4999,1,4998.0,29.0,0.0,0.0,5003,4,5005.0,30.0,0.0,0.0,5001.0,-7.265625,5001.609375
3,31500,STARFRUIT,4998,28,0.0,0.0,0.0,0.0,5005,28,0.0,0.0,0.0,0.0,5001.5,2.8359375,5001.5
3,31600,STARFRUIT,4998,28,0.0,0.0,0.0,0.0,5005,28,0.0,0.0,0.0,0.0,5001.5,-0.90625,5001.5
3,31700,STARFRUIT,4998,28,0.0,0.0,0.0,0.0,5005,28,0.0,0.0,0.0,0.0,5001.5,3.453125,5001.5
3,31800,STARFRUIT,4998,26,0.0,0.0,0.0,0.0,5005,26,0.0,0.0,0.0,0.0,5001.5,5.1875,5001.5
3,31900,STARFRUIT,4998,26,0.0,0.0,0.0,0.0,5005,26,0.0,0.0,0.0,0.0,5001.5,-5.65625,5001.5
3,32000,STARFRUIT,5004,1,4998.0,25.0,0.0,0.0,5005,25,0.0,0.0,0.0,0.0,5004.5,-8.1953125,5001.549019607844
3,32100,STARFRUIT,5003,1,4998.0,31.0,0.0,0.0,5005,31,0.0,0.0,0.0,0.0,5004.0,0.265625,5001.523809523809
3,32200,STARFRUIT,4998,26,0.0,0.0,0.0,0.0,5000,3,5003.0,1.0,5005.0,26.0,4999.0,-6.8984375,5001.446428571428
3,32300,STARFRUIT,5004,1,5000.0,2.0,4999.0,23.0,5005,2,5006.0,21.0,0.0,0.0,5004.5,-14.84375,5002.3877551020405
3,32400,STARFRUIT,4999,30,0.0,0.0,0.0,0.0,5005,2,5006.0,28.0,0.0,0.0,5002.0,-13.109375,5002.466666666666
3,32500,STARFRUIT,4999,4,4998.0,21.0,0.0,0.0,5005,23,0.0,0.0,0.0,0.0,5002.0,-9.4375,5001.4375
3,32600,STARFRUIT,4999,31,0.0,0.0,0.0,0.0,5006,31,0.0,0.0,0.0,0.0,5002.5,-25.7734375,5002.5
3,32700,STARFRUIT,5005,1,4999.0,31.0,0.0,0.0,5006,31,0.0,0.0,0.0,0.0,5005.5,-25.875,5002.539682539683
3,32800,STARFRUIT,4999,24,0.0,0.0,0.0,0.0,5005,1,5006.0,23.0,0.0,0.0,5002.0,-15.4375,5002.479166666667
3,32900,STARFRUIT,4999,23,0.0,0.0,0.0,0.0,5006,23,0.0,0.0,0.0,0.0,5002.5,-16.796875,5002.5
3,33000,STARFRUIT,4999,24,0.0,0.0,0.0,0.0,5000,4,5006.0,24.0,0.0,0.0,4999.5,-16.734375,5002.307692307692
3,33100,STARFRUIT,4999,2,4998.0,20.0,0.0,0.0,5005,21,0.0,0.0,0.0,0.0,5002.0,-8.03125,5001.46511627907
3,33200,STARFRUIT,5004,1,4998.0,21.0,0.0,0.0,5005,21,0.0,0.0,0.0,0.0,5004.5,-7.09375,5001.558139534884
3,33300,STARFRUIT,4998,24,0.0,0.0,0.0,0.0,5003,8,5005.0,24.0,0.0,0.0,5000.5,-0.75,5001.714285714285
3,33400,STARFRUIT,5004,1,5000.0,3.0,4999.0,30.0,5006,30,0.0,0.0,0.0,0.0,5005.0,-11.25,5002.40625
3,33500,STARFRUIT,4998,26,0.0,0.0,0.0,0.0,5005,26,0.0,0.0,0.0,0.0,5001.5,-8.359375,5001.5
3,33600,STARFRUIT,5003,1,4998.0,28.0,0.0,0.0,5005,28,0.0,0.0,0.0,0.0,5004.0,1.1796875,5001.526315789473
3,33700,STARFRUIT,5003,1,4998.0,1.0,4997.0,25.0,5004,26,0.0,0.0,0.0,0.0,5003.5,9.515625,5000.566037735849
3,33800,STARFRUIT,4999,4,4998.0,20.0,0.0,0.0,5005,20,0.0,0.0,0.0,0.0,5002.0,5.0625,5001.272727272727
3,33900,STARFRUIT,4998,2,4997.0,22.0,0.0,0.0,5002,5,5004.0,24.0,0.0,0.0,5000.0,11.3125,5000.679245283019
3,34000,STARFRUIT,4998,20,0.0,0.0,0.0,0.0,5005,21,0.0,0.0,0.0,0.0,5001.5,7.4765625,5001.585365853659
3,34100,STARFRUIT,4998,1,4997.0,21.0,0.0,0.0,5004,22,0.0,0.0,0.0,0.0,5001.0,11.265625,5000.522727272727
3,34200,STARFRUIT,4998,2,4997.0,26.0,0.0,0.0,5004,28,0.0,0.0,0.0,0.0,5001.0,11.4296875,5000.535714285715
3,34300,STARFRUIT,4997,26,0.0,0.0,0.0,0.0,5004,27,0.0,0.0,0.0,0.0,5000.5,23.296875,5000.566037735849
3,34400,STARFRUIT,4997,1,4996.0,30.0,0.0,0.0,5003,31,0.0,0.0,0.0,0.0,5000.0,31.234375,4999.5161290322585
3,34500,STARFRUIT,4997,1,4996.0,23.0,0.0,0.0,5003,24,0.0,0.0,0.0,0.0,5000.0,32.5546875,4999.520833333333
3,34600,STARFRUIT,4996,26,0.0,0.0,0.0,0.0,5002,1,5003.0,25.0,0.0,0.0,4999.0,48.328125,4999.4807692307695
3,34700,STARFRUIT,4996,26,0.0,0.0,0.0,0.0,5003,27,0.0,0.0,0.0,0.0,4999.5,44.546875,4999.566037735849
3,34800,STARFRUIT,5000,4,4996.0,29.0,0.0,0.0,5003,29,0.0,0.0,0.0,0.0,5001.5,41.921875,4999.532258064516
3,34900,STARFRUIT,4996,24,0.0,0.0,0.0,0.0,5001,6,5002.0,2.0,5003.0,22.0,4998.5,47.6015625,4999.62962962963
3,35000,STARFRUIT,4996,8,4995.0,22.0,0.0,0.0,5002,24,0.0,0.0,0.0,0.0,4999.0,52.1328125,4998.259259259259
3,35100,STARFRUIT,4995,25,0.0,0.0,0.0,0.0,5001,2,5002.0,23.0,0.0,0.0,4998.0,66.078125,4998.46
3,35200,STARFRUIT,4995,1,4994.0,29.0,0.0,0.0,5001,30,0.0,0.0,0.0,0.0,4998.0,69.3046875,4997.516666666666
3,35300,STARFRUIT,4995,2,4994.0,24.0,0.0,0.0,4999,1,5001.0,26.0,0.0,0.0,4997.0,71.2734375,4997.566037735849
3,35400,STARFRUIT,4995,28,0.0,0.0,0.0,0.0,5000,4,5001.0,2.0,5002.0,26.0,4997.5,64.140625,4998.566666666667
3,35500,STARFRUIT,4995,21,0.0,0.0,0.0,0.0,5002,21,0.0,0.0,0.0,0.0,4998.5,68.890625,4998.5
3,35600,STARFRUIT,4995,1,4994.0,28.0,0.0,0.0,5001,30,0.0,0.0,0.0,0.0,4998.0,72.234375,4997.576271186441
3,35700,STARFRUIT,4994,1,4993.0,25.0,0.0,0.0,5000,25,0.0,0.0,0.0,0.0,4997.0,94.84375,4996.450980392156
3,35800,STARFRUIT,4999,1,4993.0,29.0,0.0,0.0,5000,29,0.0,0.0,0.0,0.0,4999.5,95.5234375,4996.542372881356
3,35900,STARFRUIT,4994,29,0.0,0.0,0.0,0.0,5000,2,5001.0,27.0,0.0,0.0,4997.0,86.5859375,4997.4655172413795
3,36000,STARFRUIT,4993,25,0.0,0.0,0.0,0.0,5000,25,0.0,0.0,0.0,0.0,4996.5,92.296875,4996.5
3,36100,STARFRUIT,4993,27,0.0,0.0,0.0,0.0,5000,27,0.0,0.0,0.0,0.0,4996.5,103.234375,4996.5
3,36200,STARFRUIT,4994,30,0.0,0.0,0.0,0.0,5000,30,0.0,0.0,0.0,0.0,4997.0,89.0,4997.0
3,36300,STARFRUIT,4994,28,0.0,0.0,0.0,0.0,5001,28,0.0,0.0,0.0,0.0,4997.5,74.546875,4997.5
3,36400,STARFRUIT,4995,20,0.0,0.0,0.0,0.0,5000,2,5002.0,20.0,0.0,0.0,4997.5,61.9375,4998.571428571428
3,36500,STARFRUIT,4997,2,4995.0,4.0,4994.0,22.0,5001,24,0.0,0.0,0.0,0.0,4999.0,69.75,4997.423076923077
3,36600,STARFRUIT,4994,24,0.0,0.0,0.0,0.0,4995,1,5001.0,24.0,0.0,0.0,4994.5,72.359375,4997.448979591837
3,36700,STARFRUIT,4994,29,0.0,0.0,0.0,0.0,5001,29,0.0,0.0,0.0,0.0,4997.5,74.09375,4997.5
3,36800,STARFRUIT,4995,27,0.0,0.0,0.0,0.0,5000,7,5001.0,2.0,5002.0,25.0,4997.5,66.3125,4998.639344262295
3,36900,STARFRUIT,4995,31,0.0,0.0,0.0,0.0,5001,1,5002.0,30.0,0.0,0.0,4998.0,64.71875,4998.4838709677415
3,37000,STARFRUIT,4995,25,0.0,0.0,0.0,0.0,5002,25,0.0,0.0,0.0,0.0,4998.5,60.625,4998.5
3,37100,STARFRUIT,4995,2,4994.0,26.0,0.0,0.0,5001,26,0.0,0.0,0.0,0.0,4998.0,76.6484375,4997.407407407408
3,37200,STARFRUIT,4994,29,0.0,0.0,0.0,0.0,5001,29,0.0,0.0,0.0,0.0,4997.5,79.765625,4997.5
3,37300,STARFRUIT,4998,4,4995.0,7.0,4994.0,26.0,5000,2,5001.0,24.0,0.0,0.0,4999.0,85.9921875,4997.222222222223
3,37400,STARFRUIT,4995,3,4994.0,24.0,0.0,0.0,5000,1,5001.0,23.0,0.0,0.0,4997.5,85.6796875,4997.333333333333
3,37500,STARFRUIT,4994,29,0.0,0.0,0.0,0.0,5001,29,0.0,0.0,0.0,0.0,4997.5,71.671875,4997.5
3,37600,STARFRUIT,4995,27,0.0,0.0,0.0,0.0,5001,1,5002.0,26.0,0.0,0.0,4998.0,67.96875,4998.481481481482
3,37700,STARFRUIT,4995,31,0.0,0.0,0.0,0.0,5002,31,0.0,0.0,0.0,0.0,4998.5,61.4921875,4998.5
3,37800,STARFRUIT,4995,21,0.0,0.0,0.0,0.0,5002,21,0.0,0.0,0.0,0.0,4998.5,59.8984375,4998.5
3,37900,STARFRUIT,4995,31,0.0,0.0,0.0,0.0,5000,6,5001.0,1.0,5002.0,30.0,4997.5,64.7109375,4998.617647058823
3,38000,STARFRUIT,4995,24,0.0,0.0,0.0,0.0,4998,6,5001.0,1.0,5002.0,24.0,4996.5,67.3515625,4998.490909090909
3,38100,STARFRUIT,4994,32,0.0,0.0,0.0,0.0,5001,32,0.0,0.0,0.0,0.0,4997.5,76.671875,4997.5
3,38200,STARFRUIT,4995,22,0.0,0.0,0.0,0.0,5001,2,5002.0,20.0,0.0,0.0,4998.0,64.4375,4998.454545454545
3,38300,STARFRUIT,4995,4,4994.0,21.0,0.0,0.0,5001,21,0.0,0.0,0.0,0.0,4998.0,69.5,4997.282608695652
3,38400,STARFRUIT,4998,5,4995.0,22.0,0.0,0.0,5000,2,5001.0,1.0,5002.0,21.0,4999.0,65.0,4998.490196078431
3,38500,STARFRUIT,4999,2,4995.0,25.0,0.0,0.0,5000,7,5002.0,25.0,0.0,0.0,4999.5,61.8125,4998.6949152542375
3,38600,STARFRUIT,4995,31,0.0,0.0,0.0,0.0,5002,31,0.0,0.0,0.0,0.0,4998.5,54.421875,4998.5
3,38700,STARFRUIT,4995,24,0.0,0.0,0.0,0.0,4996,9,5002.0,25.0,0.0,0.0,4995.5,53.671875,4998.172413793103
3,38800,STARFRUIT,4995,28,0.0,0.0,0.0,0.0,5002,28,0.0,0.0,0.0,0.0,4998.5,54.28125,4998.5
3,38900,STARFRUIT,4995,27,0.0,0.0,0.0,0.0,5002,27,0.0,0.0,0.0,0.0,4998.5,63.140625,4998.5
3,39000,STARFRUIT,4995,30,0.0,0.0,0.0,0.0,5000,7,5002.0,30.0,0.0,0.0,4997.5,55.21875,4998.6567164179105
3,39100,STARFRUIT,4995,27,0.0,0.0,0.0,0.0,5000,6,5002.0,27.0,0.0,0.0,4997.5,54.3515625,4998.65
3,39200,STARFRUIT,4995,25,0.0,0.0,0.0,0.0,5002,25,0.0,0.0,0.0,0.0,4998.5,57.09375,4998.5
3,39300,STARFRUIT,4995,30,0.0,0.0,0.0,0.0,5002,30,0.0,0.0,0.0,0.0,4998.5,61.3515625,4998.5
3,39400,STARFRUIT,4995,29,0.0,0.0,0.0,0.0,5001,2,5002.0,27.0,0.0,0.0,4998.0,64.6953125,4998.4655172413795
3,39500,STARFRUIT,4995,2,4994.0,24.0,0.0,0.0,4997,4,5001.0,26.0,0.0,0.0,4996.0,72.4453125,4997.5
3,39600,STARFRUIT,4994,25,0.0,0.0,0.0,0.0,4995,1,5001.0,25.0,0.0,0.0,4994.5,76.515625,4997.450980392156
3,39700,STARFRUIT,5000,1,4995.0,29.0,0.0,0.0,5002,29,0.0,0.0,0.0,0.0,5001.0,63.625,4998.525423728814
3,39800,STARFRUIT,4995,29,0.0,0.0,0.0,0.0,5002,29,0.0,0.0,0.0,0.0,4998.5,64.296875,4998.5
3,39900,STARFRUIT,4995,22,0.0,0.0,0.0,0.0,5000,1,5002.0,22.0,0.0,0.0,4997.5,62.328125,4998.533333333334
3,40000,STARFRUIT,4996,5,4995.0,21.0,0.0,0.0,5002,21,0.0,0.0,0.0,0.0,4999.0,62.2734375,4998.234042553191
3,40100,STARFRUIT,4995,31,0.0,0.0,0.0,0.0,5002,31,0.0,0.0,0.0,0.0,4998.5,57.34375,4998.5
3,40200,STARFRUIT,4996,30,0.0,0.0,0.0,0.0,5003,30,0.0,0.0,0.0,0.0,4999.5,40.171875,4999.5
3,40300,STARFRUIT,4996,28,0.0,0.0,0.0,0.0,4998,5,4999.0,2.0,5003.0,28.0,4997.0,35.234375,4999.3650793650795
3,40400,STARFRUIT,4997,25,0.0,0.0,0.0,0.0,5003,2,5004.0,23.0,0.0,0.0,5000.0,28.484375,5000.46
3,40500,STARFRUIT,4998,8,4997.0,23.0,0.0,0.0,5004,23,0.0,0.0,0.0,0.0,5001.0,28.578125,5000.12962962963
3,40600,STARFRUIT,4997,2,4996.0,21.0,0.0,0.0,5003,23,0.0,0.0,0.0,0.0,5000.0,33.296875,4999.54347826087
3,40700,STARFRUIT,5002,1,4997.0,31.0,0.0,0.0,5003,2,5004.0,29.0,0.0,0.0,5002.5,27.109375,5000.492063492064
3,40800,STARFRUIT,4997,22,0.0,0.0,0.0,0.0,5003,2,5004.0,20.0,0.0,0.0,5000.0,27.7421875,5000.454545454545
3,40900,STARFRUIT,4996,32,0.0,0.0,0.0,0.0,5003,32,0.0,0.0,0.0,0.0,4999.5,36.484375,4999.5
3,41000,STARFRUIT,4996,26,0.0,0.0,0.0,0.0,5003,26,0.0,0.0,0.0,0.0,4999.5,44.8671875,4999.5
3,41100,STARFRUIT,4997,28,0.0,0.0,0.0,0.0,5002,6,5004.0,28.0,0.0,0.0,4999.5,24.828125,5000.645161290323
3,41200,STARFRUIT,4998,1,4997.0,28.0,0.0,0.0,5004,29,0.0,0.0,0.0,0.0,5001.0,12.4453125,5000.517241379311
3,41300,STARFRUIT,4999,30,0.0,0.0,0.0,0.0,5006,30,0.0,0.0,0.0,0.0,5002.5,-11.7421875,5002.5
3,41400,STARFRUIT,4999,21,0.0,0.0,0.0,0.0,5006,22,0.0,0.0,0.0,0.0,5002.5,-19.390625,5002.581395348837
3,41500,STARFRUIT,5000,26,0.0,0.0,0.0,0.0,5005,4,5007.0,26.0,0.0,0.0,5002.5,-36.0078125,5003.607142857143
3,41600,STARFRUIT,5000,23,0.0,0.0,0.0,0.0,5007,23,0.0,0.0,0.0,0.0,5003.5,-38.71875,5003.5
3,41700,STARFRUIT,5000,26,0.0,0.0,0.0,0.0,5007,26,0.0,0.0,0.0,0.0,5003.5,-39.3515625,5003.5
3,41800,STARFRUIT,5000,23,0.0,0.0,0.0,0.0,5005,6,5007.0,23.0,0.0,0.0,5002.5,-44.171875,5003.673076923077
3,41900,STARFRUIT,5000,23,0.0,0.0,0.0,0.0,5007,23,0.0,0.0,0.0,0.0,5003.5,-48.1953125,5003.5
3,42000,STARFRUIT,5000,24,0.0,0.0,0.0,0.0,5007,24,0.0,0.0,0.0,0.0,5003.5,-44.3125,5003.5
3,42100,STARFRUIT,5001,2,5000.0,24.0,0.0,0.0,5007,26,0.0,0.0,0.0,0.0,5004.0,-49.828125,5003.538461538462
3,42200,STARFRUIT,5001,26,0.0,0.0,0.0,0.0,5008,26,0.0,0.0,0.0,0.0,5004.5,-52.2890625,5004.5
3,42300,STARFRUIT,5000,32,0.0,0.0,0.0,0.0,5007,32,0.0,0.0,0.0,0.0,5003.5,-36.34375,5003.5
3,42400,STARFRUIT,5000,25,0.0,0.0,0.0,0.0,5001,9,5007.0,25.0,0.0,0.0,5000.5,-31.421875,5003.118644067797
3,42500,STARFRUIT,4999,29,0.0,0.0,0.0,0.0,5006,29,0.0,0.0,0.0,0.0,5002.5,-22.4921875,5002.5
3,42600,STARFRUIT,5005,1,4999.0,29.0,0.0,0.0,5006,29,0.0,0.0,0.0,0.0,5005.5,-27.609375,5002.542372881356
3,42700,STARFRUIT,5001,2,5000.0,22.0,0.0,0.0,5007,22,0.0,0.0,0.0,0.0,5004.0,-39.96875,5003.391304347826
3,42800,STARFRUIT,5000,22,0.0,0.0,0.0,0.0,5007,22,0.0,0.0,0.0,0.0,5003.5,-47.96875,5003.5
3,42900,STARFRUIT,5000,30,0.0,0.0,0.0,0.0,5005,5,5007.0,30.0,0.0,0.0,5002.5,-41.640625,5003.615384615385
3,43000,STARFRUIT,5000,23,0.0,0.0,0.0,0.0,5003,2,5007.0,23.0,0.0,0.0,5001.5,-38.25,5003.479166666667
3,43100,STARFRUIT,5000,5,4999.0,27.0,0.0,0.0,5006,27,0.0,0.0,0.0,0.0,5003.0,-25.65625,5002.28813559322
3,43200,STARFRUIT,5000,23,0.0,0.0,0.0,0.0,5003,4,5005.0,6.0,5007.0,23.0,5001.5,-31.84375,5003.625
3,43300,STARFRUIT,4999,25,0.0,0.0,0.0,0.0,5006,25,0.0,0.0,0.0,0.0,5002.5,-21.2265625,5002.5
3,43400,STARFRUIT,5000,3,4999.0,27.0,0.0,0.0,5006,29,0.0,0.0,0.0,0.0,5003.0,-30.859375,5002.4915254237285
3,43500,STARFRUIT,5000,2,4999.0,24.0,0.0,0.0,5006,26,0.0,0.0,0.0,0.0,5003.0,-27.640625,5002.538461538462
3,43600,STARFRUIT,5005,1,4999.0,28.0,0.0,0.0,5006,28,0.0,0.0,0.0,0.0,5005.5,-21.203125,5002.543859649123
3,43700,STARFRUIT,4999,21,0.0,0.0,0.0,0.0,5000,3,5006.0,21.0,0.0,0.0,4999.5,-13.46875,5002.333333333333
3,43800,STARFRUIT,4999,28,0.0,0.0,0.0,0.0,5006,28,0.0,0.0,0.0,0.0,5002.5,-23.796875,5002.5
3,43900,STARFRUIT,4998,21,0.0,0.0,0.0,0.0,5003,4,5005.0,21.0,0.0,0.0,5000.5,-6.3203125,5001.630434782609
3,44000,STARFRUIT,5002,2,4999.0,27.0,0.0,0.0,5006,27,0.0,0.0,0.0,0.0,5004.0,-14.75,5002.482142857143
3,44100,STARFRUIT,5001,2,4998.0,26.0,0.0,0.0,5005,26,0.0,0.0,0.0,0.0,5003.0,-10.1328125,5001.481481481482
3,44200,STARFRUIT,4999,1,4998.0,26.0,0.0,0.0,5005,26,0.0,0.0,0.0,0.0,5002.0,-4.1171875,5001.452830188679
3,44300,STARFRUIT,5002,3,4998.0,24.0,0.0,0.0,5005,24,0.0,0.0,0.0,0.0,5003.5,0.9453125,5001.529411764706
3,44400,STARFRUIT,4999,4,4998.0,26.0,0.0,0.0,5005,26,0.0,0.0,0.0,0.0,5002.0,-5.1875,5001.321428571428
3,44500,STARFRUIT,4999,2,4998.0,30.0,0.0,0.0,5005,32,0.0,0.0,0.0,0.0,5002.0,-9.4453125,5001.53125
3,44600,STARFRUIT,4998,27,0.0,0.0,0.0,0.0,5004,1,5005.0,26.0,0.0,0.0,5001.0,6.09375,5001.481481481482
3,44700,STARFRUIT,4998,24,0.0,0.0,0.0,0.0,5004,1,5005.0,24.0,0.0,0.0,5001.0,6.7421875,5001.551020408163
3,44800,STARFRUIT,4998,29,0.0,0.0,0.0,0.0,5005,29,0.0,0.0,0.0,0.0,5001.5,0.4765625,5001.5
3,44900,STARFRUIT,4999,7,4998.0,20.0,0.0,0.0,5005,20,0.0,0.0,0.0,0.0,5002.0,5.5703125,5001.127659574468
3,45000,STARFRUIT,4998,24,0.0,0.0,0.0,0.0,5005,24,0.0,0.0,0.0,0.0,5001.5,-0.453125,5001.5
3,45100,STARFRUIT,4998,22,0.0,0.0,0.0,0.0,5005,22,0.0,0.0,0.0,0.0,5001.5,-0.65625,5001.5
3,45200,STARFRUIT,4999,24,0.0,0.0,0.0,0.0,5006,24,0.0,0.0,0.0,0.0,5002.5,-16.609375,5002.5
3,45300,STARFRUIT,4999,27,0.0,0.0,0.0,0.0,5006,27,0.0,0.0,0.0,0.0,5002.5,-23.5,5002.5
3,45400,STARFRUIT,4999,28,0.0,0.0,0.0,0.0,5004,1,5006.0,28.0,0.0,0.0,5001.5,-17.140625,5002.526315789473
3,45500,STARFRUIT,4998,26,0.0,0.0,0.0,0.0,5005,26,0.0,0.0,0.0,0.0,5001.5,-0.1328125,5001.5
3,45600,STARFRUIT,4998,24,0.0,0.0,0.0,0.0,4999,1,5005.0,24.0,0.0,0.0,4998.5,-1.046875,5001.448979591837
3,45700,STARFRUIT,4999,5,4998.0,26.0,0.0,0.0,5005,26,0.0,0.0,0.0,0.0,5002.0,1.875,5001.2807017543855
3,45800,STARFRUIT,4997,26,0.0,0.0,0.0,0.0,5004,26,0.0,0.0,0.0,0.0,5000.5,18.2265625,5000.5
3,45900,STARFRUIT,4998,4,4997.0,22.0,0.0,0.0,5004,22,0.0,0.0,0.0,0.0,5001.0,15.765625,5000.291666666667
3,46000,STARFRUIT,5002,1,4997.0,31.0,0.0,0.0,5004,31,0.0,0.0,0.0,0.0,5003.0,19.03125,5000.523809523809
3,46100,STARFRUIT,4997,6,4996.0,29.0,0.0,0.0,5003,29,0.0,0.0,0.0,0.0,5000.0,34.234375,4999.265625
3,46200,STARFRUIT,4997,6,4996.0,30.0,0.0,0.0,5002,2,5003.0,28.0,0.0,0.0,4999.5,46.1796875,4999.242424242424
3,46300,STARFRUIT,4996,27,0.0,0.0,0.0,0.0,5003,27,0.0,0.0,0.0,0.0,4999.5,41.109375,4999.5
3,46400,STARFRUIT,4996,24,0.0,0.0,0.0,0.0,5001,4,5003.0,24.0,0.0,0.0,4998.5,34.625,4999.615384615385
3,46500,STARFRUIT,4997,2,4996.0,28.0,0.0,0.0,5003,30,0.0,0.0,0.0,0.0,5000.0,31.765625,4999.533333333334
3,46600,STARFRUIT,4996,24,0.0,0.0,0.0,0.0,5003,24,0.0,0.0,0.0,0.0,4999.5,38.953125,4999.5
3,46700,STARFRUIT,4996,23,0.0,0.0,0.0,0.0,5003,23,0.0,0.0,0.0,0.0,4999.5,41.40625,4999.5
3,46800,STARFRUIT,4995,31,0.0,0.0,0.0,0.0,5000,2,5002.0,31.0,0.0,0.0,4997.5,55.03125,4998.546875
3,46900,STARFRUIT,4996,7,4995.0,22.0,0.0,0.0,5001,2,5002.0,20.0,0.0,0.0,4998.5,64.5546875,4998.117647058823
3,47000,STARFRUIT,4999,3,4994.0,28.0,0.0,0.0,5001,28,0.0,0.0,0.0,0.0,5000.0,78.4453125,4997.576271186441
3,47100,STARFRUIT,4995,4,4994.0,27.0,0.0,0.0,5001,27,0.0,0.0,0.0,0.0,4998.0,88.90625,4997.327586206897
3,47200,STARFRUIT,4994,8,4993.0,29.0,0.0,0.0,4999,2,5000.0,27.0,0.0,0.0,4996.5,108.1484375,4996.166666666667
3,47300,STARFRUIT,4999,1,4994.0,1.0,4993.0,27.0,5000,28,0.0,0.0,0.0,0.0,4999.5,92.8203125,4996.561403508772
3,47400,STARFRUIT,4994,2,4993.0,25.0,0.0,0.0,5000,27,0.0,0.0,0.0,0.0,4997.0,90.546875,4996.537037037037
3,47500,STARFRUIT,4993,21,0.0,0.0,0.0,0.0,5000,21,0.0,0.0,0.0,0.0,4996.5,91.015625,4996.5
3,47600,STARFRUIT,4993,24,0.0,0.0,0.0,0.0,5000,24,0.0,0.0,0.0,0.0,4996.5,96.609375,4996.5
3,47700,STARFRUIT,4993,25,0.0,0.0,0.0,0.0,5000,25,0.0,0.0,0.0,0.0,4996.5,97.1953125,4996.5
3,47800,STARFRUIT,4998,10,4993.0,25.0,0.0,0.0,5000,25,0.0,0.0,0.0,0.0,4999.0,97.984375,4996.75
3,47900,STARFRUIT,4993,22,0.0,0.0,0.0,0.0,4999,2,5000.0,21.0,0.0,0.0,4996.0,105.3671875,4996.533333333334
3,48000,STARFRUIT,4993,2,4992.0,27.0,0.0,0.0,4999,29,0.0,0.0,0.0,0.0,4996.0,111.0625,4995.5344827586205
3,48100,STARFRUIT,4992,28,0.0,0.0,0.0,0.0,4999,28,0.0,0.0,0.0,0.0,4995.5,110.03125,4995.5
3,48200,STARFRUIT,4992,27,0.0,0.0,0.0,0.0,4998,1,4999.0,26.0,0.0,0.0,4995.0,125.8046875,4995.481481481482
3,48300,STARFRUIT,4992,2,4991.0,27.0,0.0,0.0,4998,29,0.0,0.0,0.0,0.0,4995.0,133.90625,4994.5344827586205
3,48400,STARFRUIT,4992,1,4991.0,29.0,0.0,0.0,4998,30,0.0,0.0,0.0,0.0,4995.0,129.515625,4994.516666666666
3,48500,STARFRUIT,4992,27,0.0,0.0,0.0,0.0,4999,27,0.0,0.0,0.0,0.0,4995.5,126.546875,4995.5
3,48600,STARFRUIT,4991,22,0.0,0.0,0.0,0.0,4996,6,4998.0,22.0,0.0,0.0,4993.5,135.1796875,4994.68
3,48700,STARFRUIT,4991,27,0.0,0.0,0.0,0.0,4998,27,0.0,0.0,0.0,0.0,4994.5,143.5390625,4994.5
3,48800,STARFRUIT,4990,24,0.0,0.0,0.0,0.0,4997,24,0.0,0.0,0.0,0.0,4993.5,150.4453125,4993.5
3,48900,STARFRUIT,4990,30,0.0,0.0,0.0,0.0,4997,30,0.0,0.0,0.0,0.0,4993.5,154.9375,4993.5
3,49000,STARFRUIT,4990,23,0.0,0.0,0.0,0.0,4997,23,0.0,0.0,0.0,0.0,4993.5,156.546875,4993.5
3,49100,STARFRUIT,4996,1,4990.0,31.0,0.0,0.0,4997,31,0.0,0.0,0.0,0.0,4996.5,156.015625,4993.539682539683
3,49200,STARFRUIT,4995,1,4991.0,1.0,4990.0,24.0,4997,24,0.0,0.0,0.0,0.0,4996.0,159.96875,4993.48
3,49300,STARFRUIT,4995,3,4992.0,5.0,4991.0,29.0,4997,2,4998.0,27.0,0.0,0.0,4996.0,145.5625,4994.30303030303
3,49400,STARFRUIT,4991,23,0.0,0.0,0.0,0.0,4998,23,0.0,0.0,0.0,0.0,4994.5,134.984375,4994.5
3,49500,STARFRUIT,4991,26,0.0,0.0,0.0,0.0,4998,26,0.0,0.0,0.0,0.0,4994.5,145.984375,4994.5
3,49600,STARFRUIT,4991,28,0.0,0.0,0.0,0.0,4998,28,0.0,0.0,0.0,0.0,4994.5,140.5234375,4994.5
3,49700,STARFRUIT,4990,24,0.0,0.0,0.0,0.0,4997,24,0.0,0.0,0.0,0.0,4993.5,153.875,4993.5
3,49800,STARFRUIT,4990,30,0.0,0.0,0.0,0.0,4995,2,4997.0,30.0,0.0,0.0,4992.5,163.640625,4993.548387096775
3,49900,STARFRUIT,4990,27,0.0,0.0,0.0,0.0,4995,1,4997.0,27.0,0.0,0.0,4992.5,163.3671875,4993.527272727273
3,50000,STARFRUIT,4991,2,4990.0,24.0,0.0,0.0,4997,25,0.0,0.0,0.0,0.0,4994.0,149.3203125,4993.470588235294
3,50100,STARFRUIT,4991,1,4990.0,22.0,0.0,0.0,4997,23,0.0,0.0,0.0,0.0,4994.0,149.2421875,4993.521739130435
3,50200,STARFRUIT,4991,31,0.0,0.0,0.0,0.0,4997,1,4998.0,30.0,0.0,0.0,4994.0,147.75,4994.4838709677415
3,50300,STARFRUIT,4990,21,0.0,0.0,0.0,0.0,4997,21,0.0,0.0,0.0,0.0,4993.5,151.578125,4993.5
3,50400,STARFRUIT,4990,30,0.0,0.0,0.0,0.0,4997,31,0.0,0.0,0.0,0.0,4993.5,150.2890625,4993.55737704918
3,50500,STARFRUIT,4991,24,0.0,0.0,0.0,0.0,4996,7,4997.0,2.0,4998.0,22.0,4993.5,146.8515625,4994.654545454546
3,50600,STARFRUIT,4991,24,0.0,0.0,0.0,0.0,4998,24,0.0,0.0,0.0,0.0,4994.5,138.2578125,4994.5
3,50700,STARFRUIT,4993,2,4992.0,31.0,0.0,0.0,4999,31,0.0,0.0,0.0,0.0,4996.0,122.609375,4995.421875
3,50800,STARFRUIT,4992,24,0.0,0.0,0.0,0.0,4997,5,4998.0,2.0,4999.0,22.0,4994.5,126.703125,4995.603773584906
3,50900,STARFRUIT,4992,26,0.0,0.0,0.0,0.0,4999,26,0.0,0.0,0.0,0.0,4995.5,115.4375,4995.5
3,51000,STARFRUIT,4993,5,4992.0,27.0,0.0,0.0,4999,27,0.0,0.0,0.0,0.0,4996.0,123.203125,4995.28813559322
3,51100,STARFRUIT,4992,21,0.0,0.0,0.0,0.0,4997,2,4999.0,21.0,0.0,0.0,4994.5,109.84375,4995.568181818182
3,51200,STARFRUIT,4993,23,0.0,0.0,0.0,0.0,5000,23,0.0,0.0,0.0,0.0,4996.5,98.921875,4996.5
3,51300,STARFRUIT,4994,5,4993.0,28.0,0.0,0.0,4999,1,5000.0,27.0,0.0,0.0,4996.5,105.078125,4996.2786885245905
3,51400,STARFRUIT,4995,5,4992.0,27.0,0.0,0.0,4999,27,0.0,0.0,0.0,0.0,4997.0,110.5625,4995.457627118644
3,51500,STARFRUIT,4992,22,0.0,0.0,0.0,0.0,4994,5,4999.0,22.0,0.0,0.0,4993.0,115.71875,4995.34693877551
3,51600,STARFRUIT,4992,30,0.0,0.0,0.0,0.0,4999,30,0.0,0.0,0.0,0.0,4995.5,126.109375,4995.5
3,51700,STARFRUIT,4992,23,0.0,0.0,0.0,0.0,4999,23,0.0,0.0,0.0,0.0,4995.5,122.7109375,4995.5
3,51800,STARFRUIT,4992,24,0.0,0.0,0.0,0.0,4999,24,0.0,0.0,0.0,0.0,4995.5,117.4375,4995.5
3,51900,STARFRUIT,4997,1,4992.0,24.0,0.0,0.0,4998,2,4999.0,22.0,0.0,0.0,4997.5,125.453125,4995.489795918367
3,52000,STARFRUIT,4993,1,4992.0,21.0,0.0,0.0,4995,4,4998.0,1.0,4999.0,20.0,4994.0,126.296875,4995.382978723404
3,52100,STARFRUIT,4997,1,4992.0,8.0,4991.0,20.0,4998,20,0.0,0.0,0.0,0.0,4997.5,131.640625,4994.142857142857
3,52200,STARFRUIT,4992,2,4991.0,25.0,0.0,0.0,4998,27,0.0,0.0,0.0,0.0,4995.0,129.7734375,4994.537037037037
3,52300,STARFRUIT,4992,27,0.0,0.0,0.0,0.0,4998,2,4999.0,25.0,0.0,0.0,4995.0,124.8203125,4995.462962962963
3,52400,STARFRUIT,4992,27,0.0,0.0,0.0,0.0,4997,1,4999.0,27.0,0.0,0.0,4994.5,119.140625,4995.527272727273
3,52500,STARFRUIT,4992,2,4991.0,26.0,0.0,0.0,4998,28,0.0,0.0,0.0,0.0,4995.0,130.421875,4994.535714285715
3,52600,STARFRUIT,4996,5,4992.0,1.0,4991.0,24.0,4998,25,0.0,0.0,0.0,0.0,4997.0,132.1171875,4994.654545454546
3,52700,STARFRUIT,4997,1,4992.0,5.0,4991.0,24.0,4998,26,0.0,0.0,0.0,0.0,4997.5,133.890625,4994.446428571428
3,52800,STARFRUIT,4992,23,0.0,0.0,0.0,0.0,4999,23,0.0,0.0,0.0,0.0,4995.5,118.40625,4995.5
3,52900,STARFRUIT,4992,2,4991.0,25.0,0.0,0.0,4998,27,0.0,0.0,0.0,0.0,4995.0,129.875,4994.537037037037
3,53000,STARFRUIT,4991,26,0.0,0.0,0.0,0.0,4998,26,0.0,0.0,0.0,0.0,4994.5,144.546875,4994.5
3,53100,STARFRUIT,4991,23,0.0,0.0,0.0,0.0,4996,3,4998.0,23.0,0.0,0.0,4993.5,147.453125,4994.591836734694
3,53200,STARFRUIT,4990,27,0.0,0.0,0.0,0.0,4995,4,4997.0,27.0,0.0,0.0,4992.5,155.875,4993.603448275862
3,53300,STARFRUIT,4991,2,4990.0,21.0,0.0,0.0,4997,23,0.0,0.0,0.0,0.0,4994.0,149.2734375,4993.54347826087
3,53400,STARFRUIT,4990,28,0.0,0.0,0.0,0.0,4997,28,0.0,0.0,0.0,0.0,4993.5,155.9921875,4993.5
3,53500,STARFRUIT,4991,30,0.0,0.0,0.0,0.0,4997,2,4998.0,28.0,0.0,0.0,4994.0,147.9453125,4994.466666666666
3,53600,STARFRUIT,4991,1,4990.0,26.0,0.0,0.0,4997,27,0.0,0.0,0.0,0.0,4994.0,150.2578125,4993.518518518518
3,53700,STARFRUIT,4990,30,0.0,0.0,0.0,0.0,4997,30,0.0,0.0,0.0,0.0,4993.5,155.09375,4993.5
3,53800,STARFRUIT,4990,25,0.0,0.0,0.0,0.0,4997,25,0.0,0.0,0.0,0.0,4993.5,159.7734375,4993.5
3,53900,STARFRUIT,4990,27,0.0,0.0,0.0,0.0,4997,27,0.0,0.0,0.0,0.0,4993.5,162.75,4993.5
3,54000,STARFRUIT,4990,4,4989.0,28.0,0.0,0.0,4996,28,0.0,0.0,0.0,0.0,4993.0,170.265625,4992.333333333333
3,54100,STARFRUIT,4990,21,0.0,0.0,0.0,0.0,4997,21,0.0,0.0,0.0,0.0,4993.5,159.078125,4993.5
3,54200,STARFRUIT,4990,22,0.0,0.0,0.0,0.0,4993,5,4997.0,23.0,0.0,0.0,4991.5,151.171875,4993.52
3,54300,STARFRUIT,4990,27,0.0,0.0,0.0,0.0,4991,6,4997.0,28.0,0.0,0.0,4990.5,150.78125,4993.311475409836
3,54400,STARFRUIT,4991,24,0.0,0.0,0.0,0.0,4998,24,0.0,0.0,0.0,0.0,4994.5,137.0078125,4994.5
3,54500,STARFRUIT,4990,21,0.0,0.0,0.0,0.0,4997,21,0.0,0.0,0.0,0.0,4993.5,158.921875,4993.5
3,54600,STARFRUIT,4990,32,0.0,0.0,0.0,0.0,4997,32,0.0,0.0,0.0,0.0,4993.5,155.640625,4993.5
3,54700,STARFRUIT,4990,26,0.0,0.0,0.0,0.0,4997,26,0.0,0.0,0.0,0.0,4993.5,160.734375,4993.5
3,54800,STARFRUIT,4990,23,0.0,0.0,0.0,0.0,4996,1,4997.0,22.0,0.0,0.0,4993.0,166.0703125,4993.478260869565
3,54900,STARFRUIT,4991,3,4990.0,24.0,0.0,0.0,4997,24,0.0,0.0,0.0,0.0,4994.0,160.6796875,4993.35294117647
3,55000,STARFRUIT,4991,8,4990.0,24.0,0.0,0.0,4997,24,0.0,0.0,0.0,0.0,4994.0,162.40625,4993.142857142857
3,55100,STARFRUIT,4989,24,0.0,0.0,0.0,0.0,4996,24,0.0,0.0,0.0,0.0,4992.5,170.2421875,4992.5
3,55200,STARFRUIT,4990,27,0.0,0.0,0.0,0.0,4997,27,0.0,0.0,0.0,0.0,4993.5,154.046875,4993.5
3,55300,STARFRUIT,4991,25,0.0,0.0,0.0,0.0,4992,1,4994.0,4.0,4998.0,25.0,4991.5,135.421875,4994.418181818181
3,55400,STARFRUIT,4992,30,0.0,0.0,0.0,0.0,4993,1,4995.0,6.0,4999.0,30.0,4992.5,117.203125,4995.417910447762
3,55500,STARFRUIT,4992,21,0.0,0.0,0.0,0.0,4998,1,4999.0,20.0,0.0,0.0,4995.0,124.265625,4995.476190476191
3,55600,STARFRUIT,4992,23,0.0,0.0,0.0,0.0,4999,23,0.0,0.0,0.0,0.0,4995.5,122.1328125,4995.5
3,55700,STARFRUIT,4993,8,4992.0,22.0,0.0,0.0,4999,22,0.0,0.0,0.0,0.0,4996.0,119.421875,4995.115384615385
3,55800,STARFRUIT,4992,20,0.0,0.0,0.0,0.0,4999,20,0.0,0.0,0.0,0.0,4995.5,124.2265625,4995.5
3,55900,STARFRUIT,4993,6,4992.0,31.0,0.0,0.0,4995,3,4999.0,31.0,0.0,0.0,4994.0,114.4609375,4995.267605633803
3,56000,STARFRUIT,4994,8,4993.0,27.0,0.0,0.0,4999,1,5000.0,26.0,0.0,0.0,4996.5,107.640625,4996.1612903225805
3,56100,STARFRUIT,4992,20,0.0,0.0,0.0,0.0,4993,1,4997.0,4.0,4999.0,20.0,4992.5,117.3671875,4995.577777777778
3,56200,STARFRUIT,4995,5,4992.0,25.0,0.0,0.0,4999,25,0.0,0.0,0.0,0.0,4997.0,125.796875,4995.454545454545
3,56300,STARFRUIT,4992,26,0.0,0.0,0.0,0.0,4998,2,4999.0,24.0,0.0,0.0,4995.0,125.21875,4995.461538461538
3,56400,STARFRUIT,4991,21,0.0,0.0,0.0,0.0,4992,1,4998.0,21.0,0.0,0.0,4991.5,130.875,4994.441860465116
3,56500,STARFRUIT,4991,28,0.0,0.0,0.0,0.0,4998,28,0.0,0.0,0.0,0.0,4994.5,135.4453125,4994.5
3,56600,STARFRUIT,4992,31,0.0,0.0,0.0,0.0,4999,31,0.0,0.0,0.0,0.0,4995.5,122.96875,4995.5
3,56700,STARFRUIT,4993,2,4992.0,25.0,0.0,0.0,4998,1,4999.0,24.0,0.0,0.0,4995.5,126.5,4995.384615384615
3,56800,STARFRUIT,4992,20,0.0,0.0,0.0,0.0,4999,20,0.0,0.0,0.0,0.0,4995.5,122.421875,4995.5
3,56900,STARFRUIT,4992,22,0.0,0.0,0.0,0.0,4998,1,4999.0,21.0,0.0,0.0,4995.0,126.8515625,4995.477272727273
3,57000,STARFRUIT,4997,1,4993.0,2.0,4992.0,23.0,4999,23,0.0,0.0,0.0,0.0,4998.0,123.25,4995.428571428572
3,57100,STARFRUIT,4992,25,0.0,0.0,0.0,0.0,4999,25,0.0,0.0,0.0,0.0,4995.5,123.234375,4995.5
3,57200,STARFRUIT,4992,1,4991.0,24.0,0.0,0.0,4998,25,0.0,0.0,0.0,0.0,4995.0,129.5390625,4994.52
3,57300,STARFRUIT,4992,1,4991.0,20.0,0.0,0.0,4998,21,0.0,0.0,0.0,0.0,4995.0,133.25,4994.523809523809
3,57400,STARFRUIT,4992,2,4991.0,29.0,0.0,0.0,4994,5,4998.0,31.0,0.0,0.0,4993.0,133.21875,4994.492537313433
3,57500,STARFRUIT,4991,27,0.0,0.0,0.0,0.0,4998,27,0.0,0.0,0.0,0.0,4994.5,141.1796875,4994.5
3,57600,STARFRUIT,4990,31,0.0,0.0,0.0,0.0,4997,31,0.0,0.0,0.0,0.0,4993.5,155.515625,4993.5
3,57700,STARFRUIT,4990,27,0.0,0.0,0.0,0.0,4997,27,0.0,0.0,0.0,0.0,4993.5,155.5703125,4993.5
3,57800,STARFRUIT,4991,3,4990.0,23.0,0.0,0.0,4997,24,0.0,0.0,0.0,0.0,4994.0,153.1015625,4993.42
3,57900,STARFRUIT,4991,2,4990.0,28.0,0.0,0.0,4997,30,0.0,0.0,0.0,0.0,4994.0,149.28125,4993.533333333334
3,58000,STARFRUIT,4991,1,4990.0,28.0,0.0,0.0,4997,29,0.0,0.0,0.0,0.0,4994.0,152.3671875,4993.517241379311
3,58100,STARFRUIT,4990,30,0.0,0.0,0.0,0.0,4997,31,0.0,0.0,0.0,0.0,4993.5,161.9609375,4993.55737704918
3,58200,STARFRUIT,4996,1,4990.0,26.0,0.0,0.0,4997,26,0.0,0.0,0.0,0.0,4996.5,154.75,4993.547169811321
3,58300,STARFRUIT,4990,28,0.0,0.0,0.0,0.0,4996,2,4997.0,26.0,0.0,0.0,4993.0,167.171875,4993.464285714285
3,58400,STARFRUIT,4991,7,4990.0,29.0,0.0,0.0,4997,29,0.0,0.0,0.0,0.0,4994.0,152.9140625,4993.2307692307695
3,58500,STARFRUIT,4991,24,0.0,0.0,0.0,0.0,4997,1,4998.0,23.0,0.0,0.0,4994.0,148.7734375,4994.479166666667
3,58600,STARFRUIT,4991,21,0.0,0.0,0.0,0.0,4992,1,4998.0,21.0,0.0,0.0,4991.5,138.53125,4994.441860465116
3,58700,STARFRUIT,4991,27,0.0,0.0,0.0,0.0,4998,27,0.0,0.0,0.0,0.0,4994.5,140.34375,4994.5
3,58800,STARFRUIT,4991,20,0.0,0.0,0.0,0.0,4998,20,0.0,0.0,0.0,0.0,4994.5,143.4140625,4994.5
3,58900,STARFRUIT,4991,22,0.0,0.0,0.0,0.0,4996,2,4997.0,2.0,4998.0,21.0,4993.5,145.9375,4994.595744680851
3,59000,STARFRUIT,4991,24,0.0,0.0,0.0,0.0,4998,24,0.0,0.0,0.0,0.0,4994.5,142.6640625,4994.5
3,59100,STARFRUIT,4992,2,4991.0,22.0,0.0,0.0,4998,22,0.0,0.0,0.0,0.0,4995.0,139.5,4994.391304347826
3,59200,STARFRUIT,4994,5,4991.0,25.0,0.0,0.0,4998,25,0.0,0.0,0.0,0.0,4996.0,144.359375,4994.454545454545
3,59300,STARFRUIT,4991,29,0.0,0.0,0.0,0.0,4998,29,0.0,0.0,0.0,0.0,4994.5,147.6640625,4994.5
3,59400,STARFRUIT,4991,8,4990.0,29.0,0.0,0.0,4997,29,0.0,0.0,0.0,0.0,4994.0,157.7890625,4993.19696969697
3,59500,STARFRUIT,4990,24,0.0,0.0,0.0,0.0,4997,24,0.0,0.0,0.0,0.0,4993.5,153.4609375,4993.5
3,59600,STARFRUIT,4990,25,0.0,0.0,0.0,0.0,4997,25,0.0,0.0,0.0,0.0,4993.5,157.09375,4993.5
3,59700,STARFRUIT,4990,30,0.0,0.0,0.0,0.0,4991,1,4997.0,30.0,0.0,0.0,4990.5,161.65625,4993.459016393443
3,59800,STARFRUIT,4990,28,0.0,0.0,0.0,0.0,4997,28,0.0,0.0,0.0,0.0,4993.5,161.421875,4993.5
3,59900,STARFRUIT,4991,2,4990.0,23.0,0.0,0.0,4997,25,0.0,0.0,0.0,0.0,4994.0,151.984375,4993.54
3,60000,STARFRUIT,4991,21,0.0,0.0,0.0,0.0,4998,21,0.0,0.0,0.0,0.0,4994.5,139.40625,4994.5
3,60100,STARFRUIT,4995,4,4992.0,2.0,4991.0,24.0,4998,24,0.0,0.0,0.0,0.0,4996.5,147.4296875,4994.444444444444
3,60200,STARFRUIT,4991,26,0.0,0.0,0.0,0.0,4996,2,4998.0,26.0,0.0,0.0,4993.5,139.7890625,4994.555555555556
3,60300,STARFRUIT,4990,27,0.0,0.0,0.0,0.0,4991,1,4997.0,27.0,0.0,0.0,4990.5,153.390625,4993.454545454545
3,60400,STARFRUIT,4996,1,4991.0,1.0,4990.0,20.0,4997,21,0.0,0.0,0.0,0.0,4996.5,149.4609375,4993.581395348837
3,60500,STARFRUIT,4990,21,0.0,0.0,0.0,0.0,4997,21,0.0,0.0,0.0,0.0,4993.5,168.421875,4993.5
3,60600,STARFRUIT,4990,1,4989.0,27.0,0.0,0.0,4996,28,0.0,0.0,0.0,0.0,4993.0,172.9453125,4992.517857142857
3,60700,STARFRUIT,4991,2,4990.0,25.0,0.0,0.0,4997,27,0.0,0.0,0.0,0.0,4994.0,153.0546875,4993.537037037037
3,60800,STARFRUIT,4990,29,0.0,0.0,0.0,0.0,4995,1,4997.0,29.0,0.0,0.0,4992.5,159.421875,4993.525423728814
3,60900,STARFRUIT,4991,30,0.0,0.0,0.0,0.0,4998,30,0.0,0.0,0.0,0.0,4994.5,146.2578125,4994.5
3,61000,STARFRUIT,4990,23,0.0,0.0,0.0,0.0,4995,2,4997.0,23.0,0.0,0.0,4992.5,153.671875,4993.5625
3,61100,STARFRUIT,4991,7,4990.0,29.0,0.0,0.0,4997,30,0.0,0.0,0.0,0.0,4994.0,150.484375,4993.287878787879
3,61200,STARFRUIT,4990,28,0.0,0.0,0.0,0.0,4993,1,4995.0,6.0,4997.0,28.0,4991.5,156.609375,4993.6349206349205
3,61300,STARFRUIT,4992,5,4991.0,22.0,0.0,0.0,4997,1,4998.0,21.0,0.0,0.0,4994.5,147.9453125,4994.224489795918
3,61400,STARFRUIT,4996,1,4991.0,22.0,0.0,0.0,4998,22,0.0,0.0,0.0,0.0,4997.0,143.125,4994.533333333334
3,61500,STARFRUIT,4991,29,0.0,0.0,0.0,0.0,4996,2,4998.0,29.0,0.0,0.0,4993.5,143.015625,4994.55
3,61600,STARFRUIT,4991,22,0.0,0.0,0.0,0.0,4998,22,0.0,0.0,0.0,0.0,4994.5,142.46875,4994.5
3,61700,STARFRUIT,4991,23,0.0,0.0,0.0,0.0,4996,2,4998.0,23.0,0.0,0.0,4993.5,138.6875,4994.5625
3,61800,STARFRUIT,4991,29,0.0,0.0,0.0,0.0,4998,29,0.0,0.0,0.0,0.0,4994.5,136.65625,4994.5
3,61900,STARFRUIT,4991,27,0.0,0.0,0.0,0.0,4998,27,0.0,0.0,0.0,0.0,4994.5,141.3046875,4994.5
3,62000,STARFRUIT,4991,26,0.0,0.0,0.0,0.0,4998,26,0.0,0.0,0.0,0.0,4994.5,135.84375,4994.5
3,62100,STARFRUIT,4991,26,0.0,0.0,0.0,0.0,4992,2,4998.0,26.0,0.0,0.0,4991.5,140.2890625,4994.407407407408
3,62200,STARFRUIT,4991,29,0.0,0.0,0.0,0.0,4998,29,0.0,0.0,0.0,0.0,4994.5,141.015625,4994.5
3,62300,STARFRUIT,4991,2,4990.0,20.0,0.0,0.0,4997,21,0.0,0.0,0.0,0.0,4994.0,150.8125,4993.46511627907
3,62400,STARFRUIT,4992,5,4991.0,20.0,0.0,0.0,4998,20,0.0,0.0,0.0,0.0,4995.0,139.75,4994.222222222223
3,62500,STARFRUIT,4992,1,4991.0,26.0,0.0,0.0,4998,27,0.0,0.0,0.0,0.0,4995.0,132.9140625,4994.518518518518
3,62600,STARFRUIT,4991,30,0.0,0.0,0.0,0.0,4998,30,0.0,0.0,0.0,0.0,4994.5,142.046875,4994.5
3,62700,STARFRUIT,4991,29,0.0,0.0,0.0,0.0,4994,6,4996.0,7.0,4997.0,2.0,4992.5,144.65625,4992.477272727273
3,62800,STARFRUIT,4991,20,0.0,0.0,0.0,0.0,4998,20,0.0,0.0,0.0,0.0,4994.5,146.7265625,4994.5
3,62900,STARFRUIT,4993,6,4991.0,2.0,4990.0,23.0,4997,25,0.0,0.0,0.0,0.0,4995.0,152.40625,4993.482142857143
3,63000,STARFRUIT,4991,5,4990.0,28.0,0.0,0.0,4997,28,0.0,0.0,0.0,0.0,4994.0,155.484375,4993.295081967213
3,63100,STARFRUIT,4990,29,0.0,0.0,0.0,0.0,4997,29,0.0,0.0,0.0,0.0,4993.5,157.3203125,4993.5
3,63200,STARFRUIT,4990,32,0.0,0.0,0.0,0.0,4995,2,4996.0,2.0,4997.0,30.0,4992.5,168.625,4993.515151515152
3,63300,STARFRUIT,4991,4,4990.0,26.0,0.0,0.0,4997,26,0.0,0.0,0.0,0.0,4994.0,159.71875,4993.321428571428
3,63400,STARFRUIT,4991,2,4990.0,22.0,0.0,0.0,4997,23,0.0,0.0,0.0,0.0,4994.0,149.4296875,4993.468085106383
3,63500,STARFRUIT,4991,5,4990.0,20.0,0.0,0.0,4993,2,4997.0,20.0,0.0,0.0,4992.0,158.578125,4993.212765957447
3,63600,STARFRUIT,4990,27,0.0,0.0,0.0,0.0,4997,28,0.0,0.0,0.0,0.0,4993.5,152.8984375,4993.563636363637
3,63700,STARFRUIT,4990,29,0.0,0.0,0.0,0.0,4995,6,4997.0,29.0,0.0,0.0,4992.5,153.703125,4993.640625
3,63800,STARFRUIT,4993,5,4990.0,26.0,0.0,0.0,4997,26,0.0,0.0,0.0,0.0,4995.0,155.4453125,4993.456140350877
3,63900,STARFRUIT,4991,1,4990.0,20.0,0.0,0.0,4993,4,4997.0,21.0,0.0,0.0,4992.0,150.9609375,4993.478260869565
3,64000,STARFRUIT,4990,25,0.0,0.0,0.0,0.0,4997,25,0.0,0.0,0.0,0.0,4993.5,151.5,4993.5
3,64100,STARFRUIT,4991,26,0.0,0.0,0.0,0.0,4998,26,0.0,0.0,0.0,0.0,4994.5,137.0859375,4994.5
3,64200,STARFRUIT,4991,23,0.0,0.0,0.0,0.0,4998,23,0.0,0.0,0.0,0.0,4994.5,138.59375,4994.5
3,64300,STARFRUIT,4992,7,4991.0,23.0,0.0,0.0,4998,23,0.0,0.0,0.0,0.0,4995.0,137.734375,4994.169811320755
3,64400,STARFRUIT,4992,3,4991.0,23.0,0.0,0.0,4998,23,0.0,0.0,0.0,0.0,4995.0,141.609375,4994.34693877551
3,64500,STARFRUIT,4991,21,0.0,0.0,0.0,0.0,4998,21,0.0,0.0,0.0,0.0,4994.5,141.1484375,4994.5
3,64600,STARFRUIT,4991,31,0.0,0.0,0.0,0.0,4996,8,4997.0,2.0,4998.0,29.0,4993.5,144.421875,4994.642857142857
3,64700,STARFRUIT,4990,29,0.0,0.0,0.0,0.0,4997,29,0.0,0.0,0.0,0.0,4993.5,156.234375,4993.5
3,64800,STARFRUIT,4990,26,0.0,0.0,0.0,0.0,4991,4,4995.0,7.0,4997.0,26.0,4990.5,168.03125,4993.507936507936
3,64900,STARFRUIT,4989,29,0.0,0.0,0.0,0.0,4994,1,4996.0,29.0,0.0,0.0,4991.5,174.34375,4992.525423728814
3,65000,STARFRUIT,4989,28,0.0,0.0,0.0,0.0,4994,1,4996.0,28.0,0.0,0.0,4991.5,177.96875,4992.526315789473
3,65100,STARFRUIT,4995,1,4990.0,7.0,4989.0,28.0,4996,28,0.0,0.0,0.0,0.0,4995.5,177.25,4992.265625
3,65200,STARFRUIT,4990,2,4989.0,22.0,0.0,0.0,4996,22,0.0,0.0,0.0,0.0,4993.0,171.9296875,4992.391304347826
3,65300,STARFRUIT,4991,1,4990.0,28.0,0.0,0.0,4997,28,0.0,0.0,0.0,0.0,4994.0,163.1796875,4993.456140350877
3,65400,STARFRUIT,4990,29,0.0,0.0,0.0,0.0,4995,8,4996.0,1.0,4997.0,29.0,4992.5,164.3828125,4993.7164179104475
3,65500,STARFRUIT,4989,28,0.0,0.0,0.0,0.0,4996,28,0.0,0.0,0.0,0.0,4992.5,180.4453125,4992.5
3,65600,STARFRUIT,4989,7,4988.0,25.0,0.0,0.0,4995,27,0.0,0.0,0.0,0.0,4992.0,190.71875,4991.322033898305
3,65700,STARFRUIT,4994,1,4990.0,4.0,4989.0,23.0,4996,23,0.0,0.0,0.0,0.0,4995.0,182.5546875,4992.333333333333
3,65800,STARFRUIT,4994,4,4989.0,24.0,0.0,0.0,4996,24,0.0,0.0,0.0,0.0,4995.0,175.453125,4992.615384615385
3,65900,STARFRUIT,4989,21,0.0,0.0,0.0,0.0,4996,21,0.0,0.0,0.0,0.0,4992.5,180.59375,4992.5
3,66000,STARFRUIT,4989,1,4988.0,27.0,0.0,0.0,4995,28,0.0,0.0,0.0,0.0,4992.0,192.6796875,4991.517857142857
3,66100,STARFRUIT,4988,27,0.0,0.0,0.0,0.0,4995,27,0.0,0.0,0.0,0.0,4991.5,197.3203125,4991.5
3,66200,STARFRUIT,4988,30,0.0,0.0,0.0,0.0,4995,30,0.0,0.0,0.0,0.0,4991.5,203.390625,4991.5
3,66300,STARFRUIT,4988,2,4987.0,30.0,0.0,0.0,4994,32,0.0,0.0,0.0,0.0,4991.0,209.53125,4990.53125
3,66400,STARFRUIT,4988,29,0.0,0.0,0.0,0.0,4991,6,4995.0,29.0,0.0,0.0,4989.5,203.3125,4991.453125
3,66500,STARFRUIT,4988,31,0.0,0.0,0.0,0.0,4994,2,4995.0,29.0,0.0,0.0,4991.0,204.765625,4991.467741935484
3,66600,STARFRUIT,4988,2,4987.0,25.0,0.0,0.0,4994,27,0.0,0.0,0.0,0.0,4991.0,209.40625,4990.537037037037
3,66700,STARFRUIT,4988,1,4987.0,29.0,0.0,0.0,4992,4,4994.0,31.0,0.0,0.0,4990.0,212.7109375,4990.661538461539
3,66800,STARFRUIT,4988,24,0.0,0.0,0.0,0.0,4994,1,4995.0,23.0,0.0,0.0,4991.0,208.453125,4991.479166666667
3,66900,STARFRUIT,4988,29,0.0,0.0,0.0,0.0,4995,29,0.0,0.0,0.0,0.0,4991.5,204.21875,4991.5
3,67000,STARFRUIT,4988,21,0.0,0.0,0.0,0.0,4994,1,4995.0,20.0,0.0,0.0,4991.0,208.8046875,4991.476190476191
3,67100,STARFRUIT,4989,2,4988.0,27.0,0.0,0.0,4995,29,0.0,0.0,0.0,0.0,4992.0,192.5078125,4991.5344827586205
3,67200,STARFRUIT,4989,21,0.0,0.0,0.0,0.0,4995,1,4996.0,20.0,0.0,0.0,4992.0,183.9921875,4992.476190476191
3,67300,STARFRUIT,4989,27,0.0,0.0,0.0,0.0,4996,27,0.0,0.0,0.0,0.0,4992.5,182.6640625,4992.5
3,67400,STARFRUIT,4989,28,0.0,0.0,0.0,0.0,4995,2,4996.0,26.0,0.0,0.0,4992.0,187.0859375,4992.464285714285
3,67500,STARFRUIT,4990,7,4989.0,30.0,0.0,0.0,4996,30,0.0,0.0,0.0,0.0,4993.0,179.296875,4992.238805970149
3,67600,STARFRUIT,4990,26,0.0,0.0,0.0,0.0,4997,26,0.0,0.0,0.0,0.0,4993.5,167.890625,4993.5
3,67700,STARFRUIT,4991,1,4990.0,29.0,0.0,0.0,4997,29,0.0,0.0,0.0,0.0,4994.0,162.6796875,4993.457627118644
3,67800,STARFRUIT,4990,27,0.0,0.0,0.0,0.0,4992,2,4997.0,27.0,0.0,0.0,4991.0,156.46875,4993.446428571428
3,67900,STARFRUIT,4991,20,0.0,0.0,0.0,0.0,4997,1,4998.0,20.0,0.0,0.0,4994.0,147.140625,4994.5609756097565
3,68000,STARFRUIT,4992,3,4991.0,21.0,0.0,0.0,4998,21,0.0,0.0,0.0,0.0,4995.0,138.5625,4994.333333333333
3,68100,STARFRUIT,4991,21,0.0,0.0,0.0,0.0,4998,22,0.0,0.0,0.0,0.0,4994.5,141.90625,4994.581395348837
3,68200,STARFRUIT,4990,30,0.0,0.0,0.0,0.0,4997,30,0.0,0.0,0.0,0.0,4993.5,153.8125,4993.5
3,68300,STARFRUIT,4991,9,4990.0,28.0,0.0,0.0,4997,30,0.0,0.0,0.0,0.0,4994.0,150.15625,4993.268656716418
3,68400,STARFRUIT,4991,1,4990.0,20.0,0.0,0.0,4997,21,0.0,0.0,0.0,0.0,4994.0,152.1640625,4993.523809523809
3,68500,STARFRUIT,4991,4,4990.0,26.0,0.0,0.0,4993,6,4997.0,27.0,0.0,0.0,4992.0,149.3046875,4993.349206349207
3,68600,STARFRUIT,4991,25,0.0,0.0,0.0,0.0,4997,1,4998.0,24.0,0.0,0.0,4994.0,148.34375,4994.48
3,68700,STARFRUIT,4991,27,0.0,0.0,0.0,0.0,4996,7,4998.0,27.0,0.0,0.0,4993.5,138.1484375,4994.672131147541
3,68800,STARFRUIT,4991,23,0.0,0.0,0.0,0.0,4996,3,4998.0,23.0,0.0,0.0,4993.5,136.9609375,4994.591836734694
3,68900,STARFRUIT,4991,27,0.0,0.0,0.0,0.0,4998,27,0.0,0.0,0.0,0.0,4994.5,137.375,4994.5
3,69000,STARFRUIT,4992,5,4991.0,28.0,0.0,0.0,4998,28,0.0,0.0,0.0,0.0,4995.0,139.46875,4994.295081967213
3,69100,STARFRUIT,4991,27,0.0,0.0,0.0,0.0,4998,27,0.0,0.0,0.0,0.0,4994.5,138.9296875,4994.5
3,69200,STARFRUIT,4991,22,0.0,0.0,0.0,0.0,4996,6,4997.0,1.0,4998.0,21.0,4993.5,147.828125,4994.66
3,69300,STARFRUIT,4991,22,0.0,0.0,0.0,0.0,4998,22,0.0,0.0,0.0,0.0,4994.5,137.2890625,4994.5
3,69400,STARFRUIT,4991,27,0.0,0.0,0.0,0.0,4994,6,4998.0,27.0,0.0,0.0,4992.5,136.9375,4994.45
3,69500,STARFRUIT,4991,29,0.0,0.0,0.0,0.0,4998,29,0.0,0.0,0.0,0.0,4994.5,136.4296875,4994.5
3,69600,STARFRUIT,4992,6,4991.0,27.0,0.0,0.0,4998,27,0.0,0.0,0.0,0.0,4995.0,139.3125,4994.25
3,69700,STARFRUIT,4991,26,0.0,0.0,0.0,0.0,4998,26,0.0,0.0,0.0,0.0,4994.5,142.546875,4994.5
3,69800,STARFRUIT,4990,24,0.0,0.0,0.0,0.0,4997,24,0.0,0.0,0.0,0.0,4993.5,155.65625,4993.5
3,69900,STARFRUIT,4991,30,0.0,0.0,0.0,0.0,4996,8,4998.0,30.0,0.0,0.0,4993.5,140.09375,4994.676470588235
3,70000,STARFRUIT,4992,3,4991.0,29.0,0.0,0.0,4998,29,0.0,0.0,0.0,0.0,4995.0,137.0859375,4994.377049180328
3,70100,STARFRUIT,4997,1,4992.0,5.0,4991.0,30.0,4998,30,0.0,0.0,0.0,0.0,4997.5,131.859375,4994.348484848485
3,70200,STARFRUIT,4992,24,0.0,0.0,0.0,0.0,4999,24,0.0,0.0,0.0,0.0,4995.5,110.9453125,4995.5
3,70300,STARFRUIT,4994,8,4993.0,30.0,0.0,0.0,4999,1,5000.0,29.0,0.0,0.0,4996.5,104.5859375,4996.191176470588
3,70400,STARFRUIT,4993,21,0.0,0.0,0.0,0.0,5000,21,0.0,0.0,0.0,0.0,4996.5,94.875,4996.5
3,70500,STARFRUIT,4994,7,4993.0,28.0,0.0,0.0,5000,28,0.0,0.0,0.0,0.0,4997.0,97.171875,4996.222222222223
3,70600,STARFRUIT,4994,4,4993.0,21.0,0.0,0.0,5000,21,0.0,0.0,0.0,0.0,4997.0,96.9609375,4996.282608695652
3,70700,STARFRUIT,4994,22,0.0,0.0,0.0,0.0,5000,1,5001.0,21.0,0.0,0.0,4997.0,85.046875,4997.477272727273
3,70800,STARFRUIT,4994,21,0.0,0.0,0.0,0.0,5001,21,0.0,0.0,0.0,0.0,4997.5,81.5390625,4997.5
3,70900,STARFRUIT,4994,23,0.0,0.0,0.0,0.0,5001,23,0.0,0.0,0.0,0.0,4997.5,80.734375,4997.5
3,71000,STARFRUIT,4994,30,0.0,0.0,0.0,0.0,4999,5,5001.0,30.0,0.0,0.0,4996.5,83.578125,4997.615384615385
3,71100,STARFRUIT,4993,23,0.0,0.0,0.0,0.0,5000,23,0.0,0.0,0.0,0.0,4996.5,96.265625,4996.5
3,71200,STARFRUIT,4993,28,0.0,0.0,0.0,0.0,4994,1,5000.0,28.0,0.0,0.0,4993.5,94.09375,4996.456140350877
3,71300,STARFRUIT,4994,30,0.0,0.0,0.0,0.0,5000,1,5001.0,29.0,0.0,0.0,4997.0,86.4140625,4997.483333333334
3,71400,STARFRUIT,4996,5,4994.0,1.0,4993.0,20.0,5000,21,0.0,0.0,0.0,0.0,4998.0,91.5703125,4996.468085106383
3,71500,STARFRUIT,4994,22,0.0,0.0,0.0,0.0,5001,22,0.0,0.0,0.0,0.0,4997.5,80.71875,4997.5
3,71600,STARFRUIT,4993,29,0.0,0.0,0.0,0.0,5000,29,0.0,0.0,0.0,0.0,4996.5,96.421875,4996.5
3,71700,STARFRUIT,4993,30,0.0,0.0,0.0,0.0,5000,30,0.0,0.0,0.0,0.0,4996.5,102.46875,4996.5
3,71800,STARFRUIT,4993,26,0.0,0.0,0.0,0.0,5000,26,0.0,0.0,0.0,0.0,4996.5,100.125,4996.5
3,71900,STARFRUIT,4993,21,0.0,0.0,0.0,0.0,5000,21,0.0,0.0,0.0,0.0,4996.5,98.015625,4996.5
3,72000,STARFRUIT,4993,25,0.0,0.0,0.0,0.0,5000,25,0.0,0.0,0.0,0.0,4996.5,98.671875,4996.5
3,72100,STARFRUIT,4993,26,0.0,0.0,0.0,0.0,5000,26,0.0,0.0,0.0,0.0,4996.5,99.21875,4996.5
3,72200,STARFRUIT,4993,25,0.0,0.0,0.0,0.0,4999,1,5000.0,24.0,0.0,0.0,4996.0,105.828125,4996.48
3,72300,STARFRUIT,4992,27,0.0,0.0,0.0,0.0,4997,2,4999.0,27.0,0.0,0.0,4994.5,109.3046875,4995.553571428572
3,72400,STARFRUIT,4997,2,4992.0,27.0,0.0,0.0,4999,27,0.0,0.0,0.0,0.0,4998.0,112.8984375,4995.553571428572
3,72500,STARFRUIT,4991,32,0.0,0.0,0.0,0.0,4998,32,0.0,0.0,0.0,0.0,4994.5,134.34375,4994.5
3,72600,STARFRUIT,4991,27,0.0,0.0,0.0,0.0,4998,27,0.0,0.0,0.0,0.0,4994.5,143.4140625,4994.5
3,72700,STARFRUIT,4991,26,0.0,0.0,0.0,0.0,4998,26,0.0,0.0,0.0,0.0,4994.5,139.0703125,4994.5
3,72800,STARFRUIT,4991,24,0.0,0.0,0.0,0.0,4996,2,4998.0,24.0,0.0,0.0,4993.5,133.65625,4994.56
3,72900,STARFRUIT,4992,2,4991.0,28.0,0.0,0.0,4998,30,0.0,0.0,0.0,0.0,4995.0,133.0546875,4994.533333333334
3,73000,STARFRUIT,4992,31,0.0,0.0,0.0,0.0,4998,1,4999.0,30.0,0.0,0.0,4995.0,125.0546875,4995.4838709677415
3,73100,STARFRUIT,4991,24,0.0,0.0,0.0,0.0,4998,24,0.0,0.0,0.0,0.0,4994.5,137.0078125,4994.5
3,73200,STARFRUIT,4991,31,0.0,0.0,0.0,0.0,4998,31,0.0,0.0,0.0,0.0,4994.5,142.1875,4994.5
3,73300,STARFRUIT,4992,2,4991.0,25.0,0.0,0.0,4998,25,0.0,0.0,0.0,0.0,4995.0,145.3359375,4994.403846153846
3,73400,STARFRUIT,4996,1,4991.0,2.0,4990.0,29.0,4997,29,0.0,0.0,0.0,0.0,4996.5,155.375,4993.459016393443
3,73500,STARFRUIT,4990,22,0.0,0.0,0.0,0.0,4997,22,0.0,0.0,0.0,0.0,4993.5,163.1875,4993.5
3,73600,STARFRUIT,4990,23,0.0,0.0,0.0,0.0,4996,1,4997.0,22.0,0.0,0.0,4993.0,167.828125,4993.478260869565
3,73700,STARFRUIT,4989,22,0.0,0.0,0.0,0.0,4996,22,0.0,0.0,0.0,0.0,4992.5,178.0703125,4992.5
3,73800,STARFRUIT,4990,7,4989.0,25.0,0.0,0.0,4996,25,0.0,0.0,0.0,0.0,4993.0,177.2109375,4992.19298245614
3,73900,STARFRUIT,4989,22,0.0,0.0,0.0,0.0,4996,22,0.0,0.0,0.0,0.0,4992.5,183.7578125,4992.5
3,74000,STARFRUIT,4990,6,4989.0,24.0,0.0,0.0,4996,25,0.0,0.0,0.0,0.0,4993.0,173.3125,4992.290909090909
3,74100,STARFRUIT,4989,21,0.0,0.0,0.0,0.0,4990,1,4992.0,2.0,4994.0,3.0,4989.5,174.59375,4989.814814814815
3,74200,STARFRUIT,4989,27,0.0,0.0,0.0,0.0,4994,1,4996.0,27.0,0.0,0.0,4991.5,176.5,4992.527272727273
3,74300,STARFRUIT,4990,1,4989.0,24.0,0.0,0.0,4996,25,0.0,0.0,0.0,0.0,4993.0,171.984375,4992.52
3,74400,STARFRUIT,4990,25,0.0,0.0,0.0,0.0,4995,6,4996.0,2.0,4997.0,23.0,4992.5,163.9296875,4993.625
3,74500,STARFRUIT,4990,22,0.0,0.0,0.0,0.0,4997,22,0.0,0.0,0.0,0.0,4993.5,162.359375,4993.5
3,74600,STARFRUIT,4990,2,4989.0,24.0,0.0,0.0,4996,26,0.0,0.0,0.0,0.0,4993.0,169.140625,4992.538461538462
3,74700,STARFRUIT,4990,2,4989.0,25.0,0.0,0.0,4996,27,0.0,0.0,0.0,0.0,4993.0,172.625,4992.537037037037
3,74800,STARFRUIT,4989,28,0.0,0.0,0.0,0.0,4996,28,0.0,0.0,0.0,0.0,4992.5,171.578125,4992.5
3,74900,STARFRUIT,4990,22,0.0,0.0,0.0,0.0,4995,6,4996.0,2.0,4997.0,20.0,4992.5,168.015625,4993.64
3,75000,STARFRUIT,4990,23,0.0,0.0,0.0,0.0,4995,4,4997.0,23.0,0.0,0.0,4992.5,159.4375,4993.62
3,75100,STARFRUIT,4990,32,0.0,0.0,0.0,0.0,4996,2,4997.0,30.0,0.0,0.0,4993.0,164.75,4993.46875
3,75200,STARFRUIT,4990,26,0.0,0.0,0.0,0.0,4997,27,0.0,0.0,0.0,0.0,4993.5,167.609375,4993.566037735849
3,75300,STARFRUIT,4990,10,4989.0,27.0,0.0,0.0,4996,29,0.0,0.0,0.0,0.0,4993.0,169.984375,4992.227272727273
3,75400,STARFRUIT,4989,25,0.0,0.0,0.0,0.0,4996,26,0.0,0.0,0.0,0.0,4992.5,183.6796875,4992.568627450981
3,75500,STARFRUIT,4989,1,4988.0,21.0,0.0,0.0,4995,23,0.0,0.0,0.0,0.0,4992.0,193.09375,4991.6
3,75600,STARFRUIT,4989,27,0.0,0.0,0.0,0.0,4994,8,4996.0,27.0,0.0,0.0,4991.5,186.1015625,4992.693548387097
3,75700,STARFRUIT,4989,27,0.0,0.0,0.0,0.0,4996,27,0.0,0.0,0.0,0.0,4992.5,184.3984375,4992.5
3,75800,STARFRUIT,4989,26,0.0,0.0,0.0,0.0,4996,26,0.0,0.0,0.0,0.0,4992.5,183.171875,4992.5
3,75900,STARFRUIT,4989,26,0.0,0.0,0.0,0.0,4994,3,4996.0,26.0,0.0,0.0,4991.5,188.8125,4992.581818181819
3,76000,STARFRUIT,4989,29,0.0,0.0,0.0,0.0,4990,7,4996.0,29.0,0.0,0.0,4989.5,183.609375,4992.2307692307695
3,76100,STARFRUIT,4989,28,0.0,0.0,0.0,0.0,4994,5,4996.0,28.0,0.0,0.0,4991.5,185.859375,4992.622950819672
3,76200,STARFRUIT,4989,5,4988.0,25.0,0.0,0.0,4995,25,0.0,0.0,0.0,0.0,4992.0,195.90625,4991.272727272727
3,76300,STARFRUIT,4992,5,4990.0,7.0,4989.0,28.0,4995,1,4996.0,27.0,0.0,0.0,4993.5,184.625,4992.191176470588
3,76400,STARFRUIT,4993,8,4988.0,23.0,0.0,0.0,4995,23,0.0,0.0,0.0,0.0,4994.0,197.109375,4991.722222222223
3,76500,STARFRUIT,4989,28,0.0,0.0,0.0,0.0,4996,29,0.0,0.0,0.0,0.0,4992.5,179.40625,4992.561403508772
3,76600,STARFRUIT,4992,4,4989.0,22.0,0.0,0.0,4996,22,0.0,0.0,0.0,0.0,4994.0,183.890625,4992.458333333333
3,76700,STARFRUIT,4989,24,0.0,0.0,0.0,0.0,4995,2,4996.0,22.0,0.0,0.0,4992.0,185.796875,4992.458333333333
3,76800,STARFRUIT,4988,26,0.0,0.0,0.0,0.0,4995,26,0.0,0.0,0.0,0.0,4991.5,195.328125,4991.5
3,76900,STARFRUIT,4989,2,4988.0,24.0,0.0,0.0,4995,26,0.0,0.0,0.0,0.0,4992.0,191.03125,4991.538461538462
3,77000,STARFRUIT,4989,4,4988.0,24.0,0.0,0.0,4995,24,0.0,0.0,0.0,0.0,4992.0,194.5390625,4991.307692307692
3,77100,STARFRUIT,4990,2,4989.0,22.0,0.0,0.0,4996,24,0.0,0.0,0.0,0.0,4993.0,173.734375,4992.541666666667
3,77200,STARFRUIT,4989,27,0.0,0.0,0.0,0.0,4995,1,4996.0,26.0,0.0,0.0,4992.0,187.5625,4992.481481481482
3,77300,STARFRUIT,4989,1,4988.0,21.0,0.0,0.0,4995,23,0.0,0.0,0.0,0.0,4992.0,189.296875,4991.6
3,77400,STARFRUIT,4989,32,0.0,0.0,0.0,0.0,4995,2,4996.0,30.0,0.0,0.0,4992.0,188.109375,4992.46875
3,77500,STARFRUIT,4993,5,4989.0,28.0,0.0,0.0,4996,28,0.0,0.0,0.0,0.0,4994.5,181.8203125,4992.540983606557
3,77600,STARFRUIT,4989,20,0.0,0.0,0.0,0.0,4996,20,0.0,0.0,0.0,0.0,4992.5,176.4609375,4992.5
3,77700,STARFRUIT,4990,1,4989.0,27.0,0.0,0.0,4996,28,0.0,0.0,0.0,0.0,4993.0,170.6875,4992.517857142857
3,77800,STARFRUIT,4990,31,0.0,0.0,0.0,0.0,4997,31,0.0,0.0,0.0,0.0,4993.5,161.359375,4993.5
3,77900,STARFRUIT,4989,22,0.0,0.0,0.0,0.0,4996,22,0.0,0.0,0.0,0.0,4992.5,181.0234375,4992.5
3,78000,STARFRUIT,4989,27,0.0,0.0,0.0,0.0,4994,3,4995.0,1.0,4996.0,26.0,4991.5,187.9375,4992.561403508772
3,78100,STARFRUIT,4989,21,0.0,0.0,0.0,0.0,4995,21,0.0,0.0,0.0,0.0,4992.0,189.0625,4992.0
3,78200,STARFRUIT,4989,27,0.0,0.0,0.0,0.0,4994,4,4996.0,27.0,0.0,0.0,4991.5,188.34375,4992.603448275862
3,78300,STARFRUIT,4990,8,4989.0,29.0,0.0,0.0,4996,31,0.0,0.0,0.0,0.0,4993.0,172.5625,4992.308823529412
3,78400,STARFRUIT,4989,27,0.0,0.0,0.0,0.0,4996,27,0.0,0.0,0.0,0.0,4992.5,175.8359375,4992.5
3,78500,STARFRUIT,4989,29,0.0,0.0,0.0,0.0,4996,29,0.0,0.0,0.0,0.0,4992.5,182.5859375,4992.5
3,78600,STARFRUIT,4989,24,0.0,0.0,0.0,0.0,4996,24,0.0,0.0,0.0,0.0,4992.5,175.546875,4992.5
3,78700,STARFRUIT,4990,1,4989.0,22.0,0.0,0.0,4992,6,4996.0,24.0,0.0,0.0,4991.0,171.9296875,4992.528301886792
3,78800,STARFRUIT,4989,31,0.0,0.0,0.0,0.0,4994,2,4996.0,31.0,0.0,0.0,4991.5,174.3125,4992.546875
3,78900,STARFRUIT,4989,24,0.0,0.0,0.0,0.0,4996,24,0.0,0.0,0.0,0.0,4992.5,179.1875,4992.5
3,79000,STARFRUIT,4990,24,0.0,0.0,0.0,0.0,4996,1,4997.0,23.0,0.0,0.0,4993.0,168.90625,4993.479166666667
3,79100,STARFRUIT,4990,32,0.0,0.0,0.0,0.0,4991,1,4997.0,32.0,0.0,0.0,4990.5,158.1796875,4993.461538461538
3,79200,STARFRUIT,4990,30,0.0,0.0,0.0,0.0,4991,1,4997.0,30.0,0.0,0.0,4990.5,158.5390625,4993.459016393443
3,79300,STARFRUIT,4995,10,4990.0,27.0,0.0,0.0,4996,1,4997.0,26.0,0.0,0.0,4995.5,167.5,4993.71875
3,79400,STARFRUIT,4994,5,4990.0,3.0,4989.0,28.0,4996,29,0.0,0.0,0.0,0.0,4995.0,170.7265625,4992.553846153846
3,79500,STARFRUIT,4990,26,0.0,0.0,0.0,0.0,4996,1,4997.0,25.0,0.0,0.0,4993.0,165.046875,4993.4807692307695
3,79600,STARFRUIT,4990,26,0.0,0.0,0.0,0.0,4996,1,4997.0,25.0,0.0,0.0,4993.0,167.7890625,4993.4807692307695
3,79700,STARFRUIT,4990,26,0.0,0.0,0.0,0.0,4996,2,4997.0,24.0,0.0,0.0,4993.0,166.640625,4993.461538461538
3,79800,STARFRUIT,4993,5,4990.0,29.0,0.0,0.0,4997,29,0.0,0.0,0.0,0.0,4995.0,161.5078125,4993.460317460317
3,79900,STARFRUIT,4989,23,0.0,0.0,0.0,0.0,4996,23,0.0,0.0,0.0,0.0,4992.5,175.171875,4992.5
3,80000,STARFRUIT,4989,28,0.0,0.0,0.0,0.0,4996,28,0.0,0.0,0.0,0.0,4992.5,176.0,4992.5
3,80100,STARFRUIT,4990,25,0.0,0.0,0.0,0.0,4991,8,4995.0,4.0,4997.0,25.0,4990.5,160.3359375,4993.274193548387
3,80200,STARFRUIT,4990,30,0.0,0.0,0.0,0.0,4997,30,0.0,0.0,0.0,0.0,4993.5,157.4765625,4993.5
3,80300,STARFRUIT,4990,23,0.0,0.0,0.0,0.0,4997,23,0.0,0.0,0.0,0.0,4993.5,154.8671875,4993.5
3,80400,STARFRUIT,4990,27,0.0,0.0,0.0,0.0,4997,27,0.0,0.0,0.0,0.0,4993.5,160.8046875,4993.5
3,80500,STARFRUIT,4991,28,0.0,0.0,0.0,0.0,4997,1,4998.0,27.0,0.0,0.0,4994.0,144.2265625,4994.482142857143
3,80600,STARFRUIT,4990,28,0.0,0.0,0.0,0.0,4995,4,4997.0,28.0,0.0,0.0,4992.5,152.046875,4993.6
3,80700,STARFRUIT,4989,29,0.0,0.0,0.0,0.0,4996,29,0.0,0.0,0.0,0.0,4992.5,169.734375,4992.5
3,80800,STARFRUIT,4990,1,4989.0,23.0,0.0,0.0,4994,3,4996.0,25.0,0.0,0.0,4992.0,172.671875,4992.673076923077
3,80900,STARFRUIT,4989,25,0.0,0.0,0.0,0.0,4996,25,0.0,0.0,0.0,0.0,4992.5,181.671875,4992.5
3,81000,STARFRUIT,4988,29,0.0,0.0,0.0,0.0,4993,1,4995.0,29.0,0.0,0.0,4990.5,194.921875,4991.525423728814
3,81100,STARFRUIT,4988,25,0.0,0.0,0.0,0.0,4995,25,0.0,0.0,0.0,0.0,4991.5,195.171875,4991.5
3,81200,STARFRUIT,4988,28,0.0,0.0,0.0,0.0,4995,28,0.0,0.0,0.0,0.0,4991.5,202.0,4991.5
3,81300,STARFRUIT,4993,3,4988.0,21.0,0.0,0.0,4995,21,0.0,0.0,0.0,0.0,4994.0,194.8125,4991.6
3,81400,STARFRUIT,4989,4,4988.0,20.0,0.0,0.0,4995,22,0.0,0.0,0.0,0.0,4992.0,192.3125,4991.434782608696
3,81500,STARFRUIT,4988,1,4987.0,26.0,0.0,0.0,4994,27,0.0,0.0,0.0,0.0,4991.0,213.25,4990.518518518518
3,81600,STARFRUIT,4988,1,4987.0,29.0,0.0,0.0,4994,30,0.0,0.0,0.0,0.0,4991.0,212.984375,4990.516666666666
3,81700,STARFRUIT,4987,29,0.0,0.0,0.0,0.0,4989,5,4994.0,29.0,0.0,0.0,4988.0,210.6015625,4990.380952380952
3,81800,STARFRUIT,4988,20,0.0,0.0,0.0,0.0,4995,20,0.0,0.0,0.0,0.0,4991.5,197.4453125,4991.5
3,81900,STARFRUIT,4988,23,0.0,0.0,0.0,0.0,4993,7,4995.0,23.0,0.0,0.0,4990.5,208.265625,4991.698113207547
3,82000,STARFRUIT,4988,23,0.0,0.0,0.0,0.0,4995,23,0.0,0.0,0.0,0.0,4991.5,202.5234375,4991.5
3,82100,STARFRUIT,4988,26,0.0,0.0,0.0,0.0,4994,1,4995.0,25.0,0.0,0.0,4991.0,204.1953125,4991.4807692307695
3,82200,STARFRUIT,4989,2,4988.0,27.0,0.0,0.0,4995,29,0.0,0.0,0.0,0.0,4992.0,192.1171875,4991.5344827586205
3,82300,STARFRUIT,4988,27,0.0,0.0,0.0,0.0,4993,2,4995.0,27.0,0.0,0.0,4990.5,195.40625,4991.553571428572
3,82400,STARFRUIT,4988,23,0.0,0.0,0.0,0.0,4995,23,0.0,0.0,0.0,0.0,4991.5,199.3125,4991.5
3,82500,STARFRUIT,4988,32,0.0,0.0,0.0,0.0,4995,32,0.0,0.0,0.0,0.0,4991.5,201.203125,4991.5
3,82600,STARFRUIT,4988,23,0.0,0.0,0.0,0.0,4995,23,0.0,0.0,0.0,0.0,4991.5,196.03125,4991.5
3,82700,STARFRUIT,4988,24,0.0,0.0,0.0,0.0,4995,24,0.0,0.0,0.0,0.0,4991.5,196.6953125,4991.5
3,82800,STARFRUIT,4988,5,4987.0,25.0,0.0,0.0,4994,25,0.0,0.0,0.0,0.0,4991.0,214.6875,4990.272727272727
3,82900,STARFRUIT,4988,6,4987.0,25.0,0.0,0.0,4989,5,4994.0,25.0,0.0,0.0,4988.5,218.234375,4990.131147540984
3,83000,STARFRUIT,4987,21,0.0,0.0,0.0,0.0,4994,21,0.0,0.0,0.0,0.0,4990.5,223.4375,4990.5
3,83100,STARFRUIT,4992,1,4987.0,23.0,0.0,0.0,4993,2,4994.0,21.0,0.0,0.0,4992.5,226.234375,4990.489361702128
3,83200,STARFRUIT,4988,26,0.0,0.0,0.0,0.0,4994,1,4995.0,25.0,0.0,0.0,4991.0,208.1796875,4991.4807692307695
3,83300,STARFRUIT,4989,26,0.0,0.0,0.0,0.0,4995,1,4996.0,25.0,0.0,0.0,4992.0,187.34375,4992.4807692307695
3,83400,STARFRUIT,4989,31,0.0,0.0,0.0,0.0,4995,2,4996.0,29.0,0.0,0.0,4992.0,185.671875,4992.467741935484
3,83500,STARFRUIT,4989,22,0.0,0.0,0.0,0.0,4994,2,4996.0,23.0,0.0,0.0,4991.5,184.8671875,4992.63829787234
3,83600,STARFRUIT,4989,6,4988.0,21.0,0.0,0.0,4995,23,0.0,0.0,0.0,0.0,4992.0,189.65625,4991.34
3,83700,STARFRUIT,4988,29,0.0,0.0,0.0,0.0,4995,29,0.0,0.0,0.0,0.0,4991.5,195.7109375,4991.5
3,83800,STARFRUIT,4990,8,4989.0,24.0,0.0,0.0,4996,24,0.0,0.0,0.0,0.0,4993.0,181.734375,4992.142857142857
3,83900,STARFRUIT,4989,26,0.0,0.0,0.0,0.0,4995,2,4996.0,24.0,0.0,0.0,4992.0,187.71875,4992.461538461538
3,84000,STARFRUIT,4989,31,0.0,0.0,0.0,0.0,4996,31,0.0,0.0,0.0,0.0,4992.5,183.890625,4992.5
3,84100,STARFRUIT,4994,1,4989.0,5.0,4988.0,21.0,4995,21,0.0,0.0,0.0,0.0,4994.5,197.7109375,4991.291666666667
3,84200,STARFRUIT,4989,3,4988.0,30.0,0.0,0.0,4995,30,0.0,0.0,0.0,0.0,4992.0,202.328125,4991.380952380952
3,84300,STARFRUIT,4988,26,0.0,0.0,0.0,0.0,4994,2,4995.0,24.0,0.0,0.0,4991.0,204.6875,4991.461538461538
3,84400,STARFRUIT,4988,24,0.0,0.0,0.0,0.0,4994,2,4995.0,22.0,0.0,0.0,4991.0,204.640625,4991.458333333333
3,84500,STARFRUIT,4989,30,0.0,0.0,0.0,0.0,4995,2,4996.0,28.0,0.0,0.0,4992.0,187.7890625,4992.466666666666
3,84600,STARFRUIT,4988,23,0.0,0.0,0.0,0.0,4995,23,0.0,0.0,0.0,0.0,4991.5,202.84375,4991.5
3,84700,STARFRUIT,4988,1,4987.0,27.0,0.0,0.0,4992,1,4994.0,28.0,0.0,0.0,4990.0,210.0234375,4990.543859649123
3,84800,STARFRUIT,4988,1,4987.0,20.0,0.0,0.0,4994,21,0.0,0.0,0.0,0.0,4991.0,209.921875,4990.523809523809
3,84900,STARFRUIT,4993,1,4988.0,23.0,0.0,0.0,4995,23,0.0,0.0,0.0,0.0,4994.0,200.7578125,4991.531914893617
3,85000,STARFRUIT,4988,30,0.0,0.0,0.0,0.0,4995,30,0.0,0.0,0.0,0.0,4991.5,198.1796875,4991.5
3,85100,STARFRUIT,4989,4,4988.0,30.0,0.0,0.0,4995,30,0.0,0.0,0.0,0.0,4992.0,199.9453125,4991.34375
3,85200,STARFRUIT,4993,7,4988.0,21.0,0.0,0.0,4994,1,4995.0,20.0,0.0,0.0,4993.5,204.0859375,4991.693877551021
3,85300,STARFRUIT,4993,1,4987.0,25.0,0.0,0.0,4994,25,0.0,0.0,0.0,0.0,4993.5,215.2578125,4990.549019607844
3,85400,STARFRUIT,4988,6,4987.0,22.0,0.0,0.0,4994,22,0.0,0.0,0.0,0.0,4991.0,222.5859375,4990.2
3,85500,STARFRUIT,4991,4,4986.0,20.0,0.0,0.0,4993,20,0.0,0.0,0.0,0.0,4992.0,230.375,4989.636363636364
3,85600,STARFRUIT,4987,29,0.0,0.0,0.0,0.0,4994,29,0.0,0.0,0.0,0.0,4990.5,218.6875,4990.5
3,85700,STARFRUIT,4988,1,4987.0,25.0,0.0,0.0,4994,26,0.0,0.0,0.0,0.0,4991.0,213.1484375,4990.5192307692305
3,85800,STARFRUIT,4987,20,0.0,0.0,0.0,0.0,4994,20,0.0,0.0,0.0,0.0,4990.5,215.734375,4990.5
3,85900,STARFRUIT,4987,23,0.0,0.0,0.0,0.0,4994,23,0.0,0.0,0.0,0.0,4990.5,223.78125,4990.5
3,86000,STARFRUIT,4987,28,0.0,0.0,0.0,0.0,4994,28,0.0,0.0,0.0,0.0,4990.5,220.1875,4990.5
3,86100,STARFRUIT,4987,6,4986.0,21.0,0.0,0.0,4993,21,0.0,0.0,0.0,0.0,4990.0,231.921875,4989.1875
3,86200,STARFRUIT,4989,4,4987.0,2.0,4986.0,30.0,4993,32,0.0,0.0,0.0,0.0,4991.0,230.40625,4989.5
3,86300,STARFRUIT,4986,27,0.0,0.0,0.0,0.0,4991,1,4993.0,27.0,0.0,0.0,4988.5,236.03125,4989.527272727273
3,86400,STARFRUIT,4987,2,4986.0,27.0,0.0,0.0,4993,29,0.0,0.0,0.0,0.0,4990.0,231.7421875,4989.5344827586205
3,86500,STARFRUIT,4986,25,0.0,0.0,0.0,0.0,4987,2,4993.0,25.0,0.0,0.0,4986.5,248.125,4989.403846153846
3,86600,STARFRUIT,4986,29,0.0,0.0,0.0,0.0,4991,3,4993.0,29.0,0.0,0.0,4988.5,247.65625,4989.573770491803
3,86700,STARFRUIT,4986,20,0.0,0.0,0.0,0.0,4993,21,0.0,0.0,0.0,0.0,4989.5,230.03125,4989.585365853659
3,86800,STARFRUIT,4986,24,0.0,0.0,0.0,0.0,4993,24,0.0,0.0,0.0,0.0,4989.5,237.25,4989.5
3,86900,STARFRUIT,4991,4,4986.0,23.0,0.0,0.0,4993,23,0.0,0.0,0.0,0.0,4992.0,238.625,4989.62
3,87000,STARFRUIT,4987,2,4986.0,29.0,0.0,0.0,4993,31,0.0,0.0,0.0,0.0,4990.0,231.5390625,4989.532258064516
3,87100,STARFRUIT,4986,21,0.0,0.0,0.0,0.0,4993,21,0.0,0.0,0.0,0.0,4989.5,236.296875,4989.5
3,87200,STARFRUIT,4987,20,0.0,0.0,0.0,0.0,4994,20,0.0,0.0,0.0,0.0,4990.5,226.5,4990.5
3,87300,STARFRUIT,4988,8,4987.0,28.0,0.0,0.0,4994,28,0.0,0.0,0.0,0.0,4991.0,227.6328125,4990.1875
3,87400,STARFRUIT,4986,25,0.0,0.0,0.0,0.0,4993,25,0.0,0.0,0.0,0.0,4989.5,232.6796875,4989.5
3,87500,STARFRUIT,4991,1,4986.0,26.0,0.0,0.0,4993,26,0.0,0.0,0.0,0.0,4992.0,242.03125,4989.528301886792
3,87600,STARFRUIT,4987,5,4986.0,22.0,0.0,0.0,4993,22,0.0,0.0,0.0,0.0,4990.0,242.703125,4989.244897959184
3,87700,STARFRUIT,4986,25,0.0,0.0,0.0,0.0,4991,3,4993.0,25.0,0.0,0.0,4988.5,245.7265625,4989.584905660377
3,87800,STARFRUIT,4990,10,4986.0,3.0,4985.0,28.0,4992,28,0.0,0.0,0.0,0.0,4991.0,258.2109375,4988.608695652174
3,87900,STARFRUIT,4986,21,0.0,0.0,0.0,0.0,4991,5,4992.0,1.0,4993.0,20.0,4988.5,248.734375,4989.63829787234
3,88000,STARFRUIT,4986,1,4985.0,29.0,0.0,0.0,4992,30,0.0,0.0,0.0,0.0,4989.0,249.8984375,4988.516666666666
3,88100,STARFRUIT,4986,32,0.0,0.0,0.0,0.0,4993,32,0.0,0.0,0.0,0.0,4989.5,240.609375,4989.5
3,88200,STARFRUIT,4987,8,4986.0,20.0,0.0,0.0,4993,20,0.0,0.0,0.0,0.0,4990.0,232.328125,4989.083333333333
3,88300,STARFRUIT,4986,31,0.0,0.0,0.0,0.0,4993,31,0.0,0.0,0.0,0.0,4989.5,239.359375,4989.5
3,88400,STARFRUIT,4986,28,0.0,0.0,0.0,0.0,4993,29,0.0,0.0,0.0,0.0,4989.5,243.8359375,4989.561403508772
3,88500,STARFRUIT,4986,5,4985.0,29.0,0.0,0.0,4992,29,0.0,0.0,0.0,0.0,4989.0,257.6640625,4988.3015873015875
3,88600,STARFRUIT,4985,23,0.0,0.0,0.0,0.0,4992,23,0.0,0.0,0.0,0.0,4988.5,258.0234375,4988.5
3,88700,STARFRUIT,4986,2,4985.0,29.0,0.0,0.0,4992,31,0.0,0.0,0.0,0.0,4989.0,250.390625,4988.532258064516
3,88800,STARFRUIT,4986,2,4985.0,22.0,0.0,0.0,4992,24,0.0,0.0,0.0,0.0,4989.0,252.0859375,4988.541666666667
3,88900,STARFRUIT,4990,9,4985.0,27.0,0.0,0.0,4992,27,0.0,0.0,0.0,0.0,4991.0,258.0703125,4988.714285714285
3,89000,STARFRUIT,4986,1,4985.0,24.0,0.0,0.0,4992,25,0.0,0.0,0.0,0.0,4989.0,249.875,4988.52
3,89100,STARFRUIT,4986,27,0.0,0.0,0.0,0.0,4993,27,0.0,0.0,0.0,0.0,4989.5,241.0390625,4989.5
3,89200,STARFRUIT,4985,22,0.0,0.0,0.0,0.0,4992,22,0.0,0.0,0.0,0.0,4988.5,251.796875,4988.5
3,89300,STARFRUIT,4986,2,4985.0,27.0,0.0,0.0,4992,29,0.0,0.0,0.0,0.0,4989.0,252.1328125,4988.5344827586205
3,89400,STARFRUIT,4986,6,4985.0,22.0,0.0,0.0,4992,23,0.0,0.0,0.0,0.0,4989.0,253.3828125,4988.274509803921
3,89500,STARFRUIT,4985,28,0.0,0.0,0.0,0.0,4992,28,0.0,0.0,0.0,0.0,4988.5,250.6484375,4988.5
3,89600,STARFRUIT,4990,1,4985.0,31.0,0.0,0.0,4992,31,0.0,0.0,0.0,0.0,4991.0,262.8984375,4988.523809523809
3,89700,STARFRUIT,4991,1,4985.0,25.0,0.0,0.0,4992,25,0.0,0.0,0.0,0.0,4991.5,256.609375,4988.549019607844
3,89800,STARFRUIT,4985,30,0.0,0.0,0.0,0.0,4992,30,0.0,0.0,0.0,0.0,4988.5,255.78125,4988.5
3,89900,STARFRUIT,4986,1,4985.0,30.0,0.0,0.0,4992,31,0.0,0.0,0.0,0.0,4989.0,250.9609375,4988.5161290322585
3,90000,STARFRUIT,4985,27,0.0,0.0,0.0,0.0,4992,27,0.0,0.0,0.0,0.0,4988.5,261.484375,4988.5
3,90100,STARFRUIT,4985,26,0.0,0.0,0.0,0.0,4991,2,4992.0,24.0,0.0,0.0,4988.0,264.0859375,4988.461538461538
3,90200,STARFRUIT,4985,32,0.0,0.0,0.0,0.0,4992,32,0.0,0.0,0.0,0.0,4988.5,260.828125,4988.5
3,90300,STARFRUIT,4986,9,4985.0,24.0,0.0,0.0,4992,25,0.0,0.0,0.0,0.0,4989.0,253.375,4988.172413793103
3,90400,STARFRUIT,4990,5,4987.0,3.0,4986.0,27.0,4992,27,0.0,0.0,0.0,0.0,4991.0,248.90625,4988.9838709677415
3,90500,STARFRUIT,4986,1,4985.0,21.0,0.0,0.0,4992,22,0.0,0.0,0.0,0.0,4989.0,249.921875,4988.522727272727
3,90600,STARFRUIT,4986,8,4985.0,27.0,0.0,0.0,4992,27,0.0,0.0,0.0,0.0,4989.0,250.3203125,4988.177419354839
3,90700,STARFRUIT,4986,24,0.0,0.0,0.0,0.0,4992,1,4993.0,23.0,0.0,0.0,4989.0,245.234375,4989.479166666667
3,90800,STARFRUIT,4986,1,4985.0,24.0,0.0,0.0,4992,26,0.0,0.0,0.0,0.0,4989.0,251.5078125,4988.588235294118
3,90900,STARFRUIT,4986,32,0.0,0.0,0.0,0.0,4991,6,4992.0,2.0,4993.0,30.0,4988.5,248.203125,4989.6
3,91000,STARFRUIT,4986,1,4985.0,24.0,0.0,0.0,4992,25,0.0,0.0,0.0,0.0,4989.0,251.703125,4988.52
3,91100,STARFRUIT,4986,8,4985.0,23.0,0.0,0.0,4992,24,0.0,0.0,0.0,0.0,4989.0,252.09375,4988.2
3,91200,STARFRUIT,4986,26,0.0,0.0,0.0,0.0,4990,2,4992.0,26.0,0.0,0.0,4988.0,249.03125,4989.037037037037
3,91300,STARFRUIT,4986,20,0.0,0.0,0.0,0.0,4993,20,0.0,0.0,0.0,0.0,4989.5,239.734375,4989.5
3,91400,STARFRUIT,4986,25,0.0,0.0,0.0,0.0,4989,6,4991.0,4.0,4993.0,25.0,4987.5,233.15625,4989.55
3,91500,STARFRUIT,4987,3,4986.0,27.0,0.0,0.0,4993,27,0.0,0.0,0.0,0.0,4990.0,240.875,4989.368421052632
3,91600,STARFRUIT,4986,1,4985.0,26.0,0.0,0.0,4992,27,0.0,0.0,0.0,0.0,4989.0,252.015625,4988.518518518518
3,91700,STARFRUIT,4985,28,0.0,0.0,0.0,0.0,4992,28,0.0,0.0,0.0,0.0,4988.5,256.59375,4988.5
3,91800,STARFRUIT,4984,22,0.0,0.0,0.0,0.0,4991,23,0.0,0.0,0.0,0.0,4987.5,269.9765625,4987.577777777778
3,91900,STARFRUIT,4985,24,0.0,0.0,0.0,0.0,4990,6,4992.0,25.0,0.0,0.0,4987.5,268.1328125,4988.727272727273
3,92000,STARFRUIT,4984,2,4983.0,27.0,0.0,0.0,4990,29,0.0,0.0,0.0,0.0,4987.0,291.890625,4986.5344827586205
3,92100,STARFRUIT,4983,30,0.0,0.0,0.0,0.0,4990,31,0.0,0.0,0.0,0.0,4986.5,301.7734375,4986.55737704918
3,92200,STARFRUIT,4983,22,0.0,0.0,0.0,0.0,4989,1,4990.0,21.0,0.0,0.0,4986.0,305.7109375,4986.477272727273
3,92300,STARFRUIT,4983,1,4982.0,30.0,0.0,0.0,4989,31,0.0,0.0,0.0,0.0,4986.0,311.5859375,4985.5161290322585
3,92400,STARFRUIT,4983,20,0.0,0.0,0.0,0.0,4989,21,0.0,0.0,0.0,0.0,4986.0,308.9296875,4986.073170731707
3,92500,STARFRUIT,4983,32,0.0,0.0,0.0,0.0,4990,32,0.0,0.0,0.0,0.0,4986.5,300.203125,4986.5
3,92600,STARFRUIT,4984,29,0.0,0.0,0.0,0.0,4985,5,4990.0,2.0,4991.0,28.0,4984.5,284.9375,4987.328125
3,92700,STARFRUIT,4984,29,0.0,0.0,0.0,0.0,4991,30,0.0,0.0,0.0,0.0,4987.5,283.0703125,4987.559322033899
3,92800,STARFRUIT,4990,1,4984.0,24.0,0.0,0.0,4991,24,0.0,0.0,0.0,0.0,4990.5,275.375,4987.551020408163
3,92900,STARFRUIT,4985,8,4984.0,21.0,0.0,0.0,4990,1,4991.0,20.0,0.0,0.0,4987.5,285.7890625,4987.08
3,93000,STARFRUIT,4984,6,4983.0,26.0,0.0,0.0,4990,26,0.0,0.0,0.0,0.0,4987.0,291.015625,4986.241379310345
3,93100,STARFRUIT,4983,31,0.0,0.0,0.0,0.0,4988,7,4990.0,31.0,0.0,0.0,4985.5,295.703125,4986.652173913043
3,93200,STARFRUIT,4984,31,0.0,0.0,0.0,0.0,4989,3,4991.0,31.0,0.0,0.0,4986.5,279.3125,4987.569230769231
3,93300,STARFRUIT,4990,1,4984.0,27.0,0.0,0.0,4991,27,0.0,0.0,0.0,0.0,4990.5,275.2578125,4987.545454545455
3,93400,STARFRUIT,4984,21,0.0,0.0,0.0,0.0,4991,21,0.0,0.0,0.0,0.0,4987.5,280.046875,4987.5
3,93500,STARFRUIT,4984,31,0.0,0.0,0.0,0.0,4991,31,0.0,0.0,0.0,0.0,4987.5,283.15625,4987.5
3,93600,STARFRUIT,4984,25,0.0,0.0,0.0,0.0,4991,25,0.0,0.0,0.0,0.0,4987.5,279.4765625,4987.5
3,93700,STARFRUIT,4984,20,0.0,0.0,0.0,0.0,4990,1,4991.0,20.0,0.0,0.0,4987.0,288.65625,4987.5609756097565
3,93800,STARFRUIT,4985,3,4984.0,31.0,0.0,0.0,4991,31,0.0,0.0,0.0,0.0,4988.0,278.375,4987.384615384615
3,93900,STARFRUIT,4984,25,0.0,0.0,0.0,0.0,4991,25,0.0,0.0,0.0,0.0,4987.5,283.7265625,4987.5
3,94000,STARFRUIT,4985,3,4984.0,30.0,0.0,0.0,4991,30,0.0,0.0,0.0,0.0,4988.0,280.9140625,4987.380952380952
3,94100,STARFRUIT,4984,32,0.0,0.0,0.0,0.0,4990,2,4991.0,30.0,0.0,0.0,4987.0,285.546875,4987.46875
3,94200,STARFRUIT,4984,27,0.0,0.0,0.0,0.0,4991,27,0.0,0.0,0.0,0.0,4987.5,282.1328125,4987.5
3,94300,STARFRUIT,4983,26,0.0,0.0,0.0,0.0,4990,26,0.0,0.0,0.0,0.0,4986.5,292.703125,4986.5
3,94400,STARFRUIT,4983,30,0.0,0.0,0.0,0.0,4988,2,4990.0,30.0,0.0,0.0,4985.5,293.953125,4986.548387096775
3,94500,STARFRUIT,4984,1,4983.0,30.0,0.0,0.0,4990,31,0.0,0.0,0.0,0.0,4987.0,290.9375,4986.5161290322585
3,94600,STARFRUIT,4985,4,4984.0,26.0,0.0,0.0,4990,2,4991.0,24.0,0.0,0.0,4987.5,287.546875,4987.285714285715
3,94700,STARFRUIT,4983,31,0.0,0.0,0.0,0.0,4988,8,4990.0,31.0,0.0,0.0,4985.5,296.140625,4986.671428571429
3,94800,STARFRUIT,4984,7,4983.0,30.0,0.0,0.0,4990,31,0.0,0.0,0.0,0.0,4987.0,292.296875,4986.294117647059
3,94900,STARFRUIT,4983,21,0.0,0.0,0.0,0.0,4990,21,0.0,0.0,0.0,0.0,4986.5,293.796875,4986.5
3,95000,STARFRUIT,4984,24,0.0,0.0,0.0,0.0,4990,2,4991.0,22.0,0.0,0.0,4987.0,288.46875,4987.458333333333
3,95100,STARFRUIT,4984,24,0.0,0.0,0.0,0.0,4989,8,4991.0,24.0,0.0,0.0,4986.5,286.1015625,4987.714285714285
3,95200,STARFRUIT,4983,22,0.0,0.0,0.0,0.0,4990,22,0.0,0.0,0.0,0.0,4986.5,293.8125,4986.5
3,95300,STARFRUIT,4987,3,4984.0,28.0,0.0,0.0,4991,28,0.0,0.0,0.0,0.0,4989.0,278.9296875,4987.474576271186
3,95400,STARFRUIT,4984,26,0.0,0.0,0.0,0.0,4991,26,0.0,0.0,0.0,0.0,4987.5,280.5703125,4987.5
3,95500,STARFRUIT,4985,25,0.0,0.0,0.0,0.0,4990,4,4992.0,25.0,0.0,0.0,4987.5,263.1875,4988.611111111111
3,95600,STARFRUIT,4985,31,0.0,0.0,0.0,0.0,4991,1,4992.0,30.0,0.0,0.0,4988.0,267.09375,4988.4838709677415
3,95700,STARFRUIT,4985,1,4984.0,23.0,0.0,0.0,4991,24,0.0,0.0,0.0,0.0,4988.0,272.671875,4987.520833333333
3,95800,STARFRUIT,4984,24,0.0,0.0,0.0,0.0,4991,24,0.0,0.0,0.0,0.0,4987.5,281.46875,4987.5
3,95900,STARFRUIT,4984,1,4983.0,23.0,0.0,0.0,4990,23,0.0,0.0,0.0,0.0,4987.0,296.359375,4986.446808510638
3,96000,STARFRUIT,4983,32,0.0,0.0,0.0,0.0,4988,2,4990.0,32.0,0.0,0.0,4985.5,299.890625,4986.545454545455
3,96100,STARFRUIT,4988,1,4982.0,27.0,0.0,0.0,4989,27,0.0,0.0,0.0,0.0,4988.5,318.0703125,4985.545454545455
3,96200,STARFRUIT,4982,27,0.0,0.0,0.0,0.0,4989,27,0.0,0.0,0.0,0.0,4985.5,317.359375,4985.5
3,96300,STARFRUIT,4982,26,0.0,0.0,0.0,0.0,4989,26,0.0,0.0,0.0,0.0,4985.5,320.96875,4985.5
3,96400,STARFRUIT,4982,27,0.0,0.0,0.0,0.0,4988,1,4989.0,26.0,0.0,0.0,4985.0,325.71875,4985.481481481482
3,96500,STARFRUIT,4982,25,0.0,0.0,0.0,0.0,4989,25,0.0,0.0,0.0,0.0,4985.5,316.84375,4985.5
3,96600,STARFRUIT,4986,3,4982.0,1.0,4981.0,20.0,4988,21,0.0,0.0,0.0,0.0,4987.0,330.3671875,4984.622222222222
3,96700,STARFRUIT,4986,1,4981.0,21.0,0.0,0.0,4988,21,0.0,0.0,0.0,0.0,4987.0,342.59375,4984.53488372093
3,96800,STARFRUIT,4981,25,0.0,0.0,0.0,0.0,4988,25,0.0,0.0,0.0,0.0,4984.5,341.890625,4984.5
3,96900,STARFRUIT,4980,27,0.0,0.0,0.0,0.0,4987,27,0.0,0.0,0.0,0.0,4983.5,355.6796875,4983.5
3,97000,STARFRUIT,4980,25,0.0,0.0,0.0,0.0,4987,25,0.0,0.0,0.0,0.0,4983.5,354.875,4983.5
3,97100,STARFRUIT,4983,3,4980.0,25.0,0.0,0.0,4987,25,0.0,0.0,0.0,0.0,4985.0,357.0078125,4983.471698113208
3,97200,STARFRUIT,4984,3,4980.0,20.0,0.0,0.0,4987,20,0.0,0.0,0.0,0.0,4985.5,361.75,4983.53488372093
3,97300,STARFRUIT,4979,25,0.0,0.0,0.0,0.0,4986,25,0.0,0.0,0.0,0.0,4982.5,371.9765625,4982.5
3,97400,STARFRUIT,4979,28,0.0,0.0,0.0,0.0,4986,28,0.0,0.0,0.0,0.0,4982.5,374.4765625,4982.5
3,97500,STARFRUIT,4981,1,4980.0,24.0,0.0,0.0,4987,24,0.0,0.0,0.0,0.0,4984.0,365.1875,4983.448979591837
3,97600,STARFRUIT,4980,24,0.0,0.0,0.0,0.0,4986,1,4987.0,23.0,0.0,0.0,4983.0,364.359375,4983.479166666667
3,97700,STARFRUIT,4985,1,4980.0,21.0,0.0,0.0,4987,21,0.0,0.0,0.0,0.0,4986.0,367.15625,4983.53488372093
3,97800,STARFRUIT,4980,27,0.0,0.0,0.0,0.0,4985,7,4987.0,27.0,0.0,0.0,4982.5,368.4921875,4983.672131147541
3,97900,STARFRUIT,4980,1,4979.0,23.0,0.0,0.0,4986,24,0.0,0.0,0.0,0.0,4983.0,370.734375,4982.520833333333
3,98000,STARFRUIT,4980,1,4979.0,27.0,0.0,0.0,4986,28,0.0,0.0,0.0,0.0,4983.0,370.1796875,4982.517857142857
3,98100,STARFRUIT,4980,2,4979.0,21.0,0.0,0.0,4986,23,0.0,0.0,0.0,0.0,4983.0,372.96875,4982.54347826087
3,98200,STARFRUIT,4980,1,4979.0,27.0,0.0,0.0,4986,27,0.0,0.0,0.0,0.0,4983.0,378.609375,4982.454545454545
3,98300,STARFRUIT,4979,25,0.0,0.0,0.0,0.0,4985,1,4986.0,24.0,0.0,0.0,4982.0,387.1328125,4982.48
3,98400,STARFRUIT,4979,24,0.0,0.0,0.0,0.0,4986,24,0.0,0.0,0.0,0.0,4982.5,380.0234375,4982.5
3,98500,STARFRUIT,4979,27,0.0,0.0,0.0,0.0,4984,5,4985.0,1.0,4986.0,26.0,4981.5,386.328125,4982.610169491525
3,98600,STARFRUIT,4979,32,0.0,0.0,0.0,0.0,4985,30,0.0,0.0,0.0,0.0,4982.0,389.1640625,4981.903225806452
3,98700,STARFRUIT,4981,6,4978.0,22.0,0.0,0.0,4985,22,0.0,0.0,0.0,0.0,4983.0,394.59375,4981.44
3,98800,STARFRUIT,4979,2,4978.0,24.0,0.0,0.0,4985,26,0.0,0.0,0.0,0.0,4982.0,392.3515625,4981.538461538462
3,98900,STARFRUIT,4978,20,0.0,0.0,0.0,0.0,4985,20,0.0,0.0,0.0,0.0,4981.5,391.46875,4981.5
3,99000,STARFRUIT,4983,8,4978.0,25.0,0.0,0.0,4985,25,0.0,0.0,0.0,0.0,4984.0,400.4375,4981.706896551724
3,99100,STARFRUIT,4979,8,4978.0,31.0,0.0,0.0,4985,31,0.0,0.0,0.0,0.0,4982.0,398.21875,4981.214285714285
3,99200,STARFRUIT,4978,24,0.0,0.0,0.0,0.0,4984,2,4985.0,22.0,0.0,0.0,4981.0,406.640625,4981.458333333333
3,99300,STARFRUIT,4982,3,4977.0,26.0,0.0,0.0,4984,26,0.0,0.0,0.0,0.0,4983.0,414.3984375,4980.581818181819
3,99400,STARFRUIT,4977,30,0.0,0.0,0.0,0.0,4984,30,0.0,0.0,0.0,0.0,4980.5,417.859375,4980.5
3,99500,STARFRUIT,4978,7,4977.0,23.0,0.0,0.0,4984,23,0.0,0.0,0.0,0.0,4981.0,413.359375,4980.169811320755
3,99600,STARFRUIT,4980,4,4978.0,9.0,4977.0,27.0,4984,29,0.0,0.0,0.0,0.0,4982.0,411.0390625,4980.246376811594
3,99700,STARFRUIT,4977,31,0.0,0.0,0.0,0.0,4984,31,0.0,0.0,0.0,0.0,4980.5,418.0625,4980.5
3,99800,STARFRUIT,4977,2,4976.0,22.0,0.0,0.0,4983,24,0.0,0.0,0.0,0.0,4980.0,429.546875,4979.541666666667
3,99900,STARFRUIT,4977,27,0.0,0.0,0.0,0.0,4983,1,4984.0,26.0,0.0,0.0,4980.0,426.796875,4980.481481481482
